2520 4590
519 192 725 247 mounes.

91 376 193 437 ιενος,
220 352 272 419 sie
298 350 504 417 Ptolemaeus
526 347 737 434 Hephaestio,
760 353 955 435 contemptis
978 356 1158 419 ceterorum

91 442 299 524 ommentis,
324 440 492 507 helleboro
513 442 689 524 purgatum
712 438 885 504 Herculem
909 440 1060 507 affirmat
1105 441 1158 507 nn

91 552 236 617 psap
175 532 236 615 lep
236 530 285 595 idi
306 528 501 595 fabulatoris
524 528 625 592 rerba
651 527 811 593 aPhotio
835 534 1062 639 excerpta
1011 530 1096 596 Bibl.
1119 530 1157 597 Τ.

91 620 154 705 [p.
184 620 251 685 147
281 641 302 683 a
325 611 427 683 332‘
408 642 430 701 η
459 612 554 700 δὲβ’
582 612 657 698 περὶ
676 609 890 726 Ἡρακλέους,
917 643 963 695 ως
989 614 1070 703 μετὰ
1096 614 1159 702 τὴν

91 710 213 817 μμνίαν
246 702 412 815 ἐλλεβόρῳ
442 708 634 815 καθαρθείη
665 699 732 769 ὑπὸ
762 699 979 812 Ἀντικνρέως
1009 708 1073 772 τοῦ
1102 704 1159 772 καί

91 792 124 863 τό
156 793 346 903 φάρμακον
372 788 532 901 εὑρόντος
560 789 599 858 τὸ
638 791 675 857 ἐν
704 787 879 901 Ἀντικύρᾳ
910 796 969 880 τῆς
1007 797 1160 873 Φωκίδος

91 882 283 969 πλεονάζον,
304 876 369 950 κᾶν
391 878 487 948 αλλοι
509 877 618 959 ἄλλως
639 875 745 947 αὐτόν
768 900 852 967 φασι
874 885 1102 970 καθαρθῆναι.

178 1150 373 1217 Philostrati
391 1149 510 1233 siquis
528 1150 664 1213 miratur
681 1151 944 1231 praetermissam
962 1151 1161 1217 mentionem

92 1240 125 1307 in
143 1240 199 1305 his
204 1260 319 1325 ‚quae
341 1240 381 1304 de
402 1260 482 1304 nece
503 1237 653 1303 Herculis
679 1237 821 1303 filiorum
844 1239 994 1323 disserui,
1020 1241 1162 1324 primum

93 1290 225 1412 eofeei,
236 1328 324 1414 quod
337 1349 411 1393 eum
424 1331 531 1393 totum
546 1327 587 1391 ab
596 1326 752 1409 Euripide
765 1328 904 1409 pendere
921 1332 1025 1412 patet3
1048 1329 1162 1393 deinde

94 1440 167 1485 eum
188 1419 291 1483 istam
308 1418 472 1502 έκφρασιν
489 1416 621 1480 tabulae
638 1413 813 1480 Herculem
830 1416 939 1481 furunt
925 1421 991 1482 tem
1011 1416 1161 1482 exhiben-

93 1508 135 1573 tis
156 1506 248 1571 haud
264 1504 424 1571 inutiliter
442 1527 515 1570 oum
532 1504 716 1568 narratione
734 1502 851 1569 Nuntii
874 1505 960 1589 apud
972 1505 1162 1607 Euripidem

94 1618 123 1661 ι.
163 1594 376 1669 922-1015
412 1593 594 1677 comparari
635 1593 811 1657 iudicarem
850 1615 954 1677 neque
989 1597 1100 1658 tamen
1133 1595 1162 1658 ei

95 1684 183 1751 loeus
206 1684 243 1748 in
265 1683 340 1748 istis
364 1683 584 1748 annotationis
612 1681 772 1766 angustiis
794 1682 1003 1766 reperiretur,
1031 1688 1161 1768 gratum

96 1794 145 1839 me
172 1771 338 1839 facturum
364 1771 549 1857 legentibus
579 1771 781 1855 suspicabar,
818 1772 846 1835 si
877 1774 982 1836 totam
1015 1773 1161 1857 eclogam

97 1862 261 1947 prooemio
290 1860 509 1946 adiungerem.
558 1857 611 1924 Sia
638 1859 701 1944 igit
701 1881 740 1923 ur
766 1860 822 1924 ille
849 1858 974 1946 Imagg.
1000 1860 1034 1924 H
1061 1861 1104 1925 23
1132 1882 1163 1943 p

99 1950 160 2016 847
184 1948 303 2015 01.=
259 1971 357 2033 --p.
380 1949 422 2015 91
446 1948 509 2013 Iao.

183 2028 410 2147 Μόχεσθε,
384 2062 410 2102 ω
442 2047 607 2120 γενναῖοι,
638 2031 699 2101 τὸν
725 2031 912 2161 Ἡρακλέα
924 2034 979 2102 καί
1011 2036 1163 2120 πρόβατε.

99 2120 168 2193 ἄλλ’
199 2122 242 2192 οὐ
264 2127 326 2192 τον
353 2127 474 2191 λοιποῦ
499 2149 537 2209 γε
564 2121 684 2202 παιδὸς
715 2119 940 2235 ἆποσχοιτοῆ)
972 2127 1071 2191 δυοῖν
1097 2122 1164 2210 ἤδη

98 2214 279 2300 κειμένοιν,
301 2212 359 2280 καὶ
381 2212 646 2323 στοχαζομένιγς
649 2215 707 2298 τῆς
729 2211 851 2300 χειρὸς,
878 2210 923 2291 ὡς
945 2212 1050 2280 καλὸν
1068 2209 1166 2324 Ἡρα-

100 2310 176 2370 κλεῖ.
222 2304 341 2387 Μέγας
363 2298 474 2416 μέν’
456 2327 553 2411 υμριν
585 2327 603 2368 ο
628 2293 746 2387 ἆθλος,
773 2301 829 2368 καὶ
856 2307 960 2388 μείων
988 2294 1143 2369 οὐδὲν
1117 2328 1166 2369 ων

99 2389 160 2501 πρὸ
196 2394 257 2477 τῆς
280 2397 409 2502 μανίας
439 2386 541 2469 αυτὸς
571 2387 734 2477 όγθλησεν,
765 2385 848 2456 ἀλλὰ
862 2394 1011 2501 δείσητε
1046 2390 1165 2476 μηδέν·

100 2476 236 2547 ἄπεστιν
272 2476 368 2565 ὑμῶν
390 2477 543 2589 ’Ἄργος
558 2478 689 2588 βλέπων
725 2478 780 2545 καί
816 2475 895 2558 τοὺς
931 2475 1168 2590 Εὐρυσθείδας

101 2564 293 2636 ἇποκτειναι
317 2570 436 2680 δοκῶγ
470 2564 548 2652 Hyris
572 2564 653 2633 δι”
632 2586 759 2679 ιγκουσα
783 2564 887 2635 αυτοῦ
906 2592 972 2682 μαρ
975 2564 1167 2680 Ἐὐριπίδῃ

98 2655 197 2724 καὶ”
174 2682 266 2744 αρμα
288 2653 480 2767 ἡγουμένου
486 2655 513 2744 2)
535 2655 591 2722 καὶ
614 2660 734 2771 κέντρα
758 2657 791 2735 ές
813 2655 891 2735 τοὺς
909 2661 1030 2735 ἵππους
1049 2656 1167 2742 φέρον

97 2771 153 2825 τος
178 2746 236 2812 καί
263 2743 325 2830 τὴν
335 2741 562 2857 Εὐρυσθέως
594 2748 704 2812 οίκίαν
740 2741 956 2824 απειλοῦντος
988 2745 1167 2853 ἐκπέρσειν.

94 2830 280 2946 ’Λπατηλδν
302 2832 367 2944 γάρ
389 2859 421 2901 τι
444 2830 465 2919 ἡ
487 2838 591 2919 μανία
614 2834 669 2900 καί
693 2832 809 2901 δεινὸν
837 2834 962 2901 ἐκτῶν
969 2831 1167 2942 παρόντων

96 2935 238 3010 αγαγειν
266 2924 299 3001 ές
325 2920 366 2990 ric
393 2920 438 3032 μὴ
466 2920 625 3008 παρόντα.
679 2922 817 3000 Τούτοις
848 2921 910 3009 μὲν
942 2913 1005 2990 οὖν
1038 2917 1167 3030 αποχργ)

95 3010 299 3080 ταυταισὶ
328 3009 419 3078 δδ“
392 3037 463 3121 ωρα
489 3015 666 3096 γίγνεσθαι
694 3021 752 3096 τῆς
777 3014 935 3119 γραφῆς,
958 3007 993 3076 0
1020 3008 1081 3096 pin
1108 3007 1170 3076 aa·

95 3109 214 3187 λαμος,
239 3096 291 3186 ἐφ’
319 3095 359 3167 δν
383 3125 524 3187 ωρμηκε,
546 3100 752 3210 Μεγάρανέ
750 3125 798 3185 χει
826 3096 935 3165 καί
903 3125 964 3166 τον
986 3102 1131 3165 παιδα’
1113 3124 1168 3166 ετι.

95 3192 200 3257 Κανᾶ
224 3187 262 3255 δὲ
284 3188 339 3255 καί
362 3189 512 3298 χέρνιβα
525 3188 581 3255 καί
612 3185 708 3255 οὐλαὶ
735 3188 791 3254 καί
819 3193 923 3273 σχίζαι
951 3188 1006 3255 καί
1034 3214 1170 3275 κρατηρ,

94 3276 137 3345 τὰ
167 3302 232 3344 τον
255 3274 403 3364 Ἑρκίον,
435 3275 640 3344 λελακτισται
671 3279 793 3361 πάντα,
826 3274 923 3343 xui‘
909 3304 926 3345 o
957 3276 1019 3363 pio
1046 3280 1169 3388 ταῦρος

96 3367 249 3453 ἕστηκεν,
273 3369 375 3452 ίερεϊα
398 3364 435 3432 δὲ
458 3366 693 3452 προσέρριπται
716 3369 760 3454 τῶ
784 3368 885 3457 βωμω
909 3362 1054 3476 βρέφη’
1037 3369 1169 3452 αγεννῆ,

92 3456 211 3523 καί
168 3481 212 3542 τῃ
231 3457 349 3542 λεοντῆ
355 3454 391 3543 3.)
414 3455 666 3541 Προσβέβληται
686 3450 750 3520 δ’
740 3481 758 3521 ο
751 3453 839 3541 μὲν
857 3453 940 3522 κατδι
958 3459 1020 3522 τοῦ
1037 3456 1168 3545 λαιμοῦ,

93 3611 313 3619 -------

174 3683 358 3771 )Iacobs1us
378 3678 540 3739 eoni'rlllri
560 3682 690 3770 δέχεσθε,
710 3675 947 3753 &pervertentia
962 3679 1100 3769 Ηραμλὲα
1119 3683 1168 3736 καλ

94 3749 265 3883 {gitti
242 3775 313 3892 tlt
333 3756 628 3882 ιῖιίόίέἒῖιίιίὲιλ
645 3750 774 3881 iiiiii-⁰
787 3726 1168 3912 ttpilttsttittlw

122 3867 383 4023 ²³)A(lderidum
400 3895 548 3952 videtur”
532 3917 615 3966 εχειν,
634 3899 666 3950 ut
680 3901 723 3952 est
736 3897 810 3966 apud
828 3896 921 3964 Eurip.
942 3913 968 3948 v
988 3901 1039 3949 947
1063 3915 1155 3966 αρματ

98 3964 152 4025 oria
189 3988 247 4038 χων
266 3966 342 4037 ἔχειν
362 3966 478 4054 ἔφασκε.

173 4040 293 4109 ³)F0rt.
317 4034 403 4093 καὶ
388 4060 406 4108 η
429 4039 527 4125 λερντῆ
550 4033 627 4107 πρός.
666 4037 804 4123 Βὲβλρται
827 4032 909 4090 δ’-
912 4037 1060 4091 .Nam
1051 4054 1080 4092 ιιι
1103 4037 1169 4092 Val-

98 4111 227 4166 ckenarii
250 4110 412 4166 coniectura
435 4105 507 4181 αὐτῇ
536 4111 635 4180 λεοντῇ
664 4128 771 4177 πατρος
798 4108 948 4162 articulum
976 4109 1013 4163 ad
1040 4108 1169 4164 ultimam

97 4199 199 4239 rocem
219 4181 417 4237 desideramus.
