2520 4590
143 222 185 287 76
568 179 781 268 'nrrmmon

560 365 795 440 (άνττστροφή)

143 479 180 540 H
186 478 288 541 ΜΙΧ
292 477 329 538 0.
348 468 379 556 β’
406 467 485 537 τόδε
502 467 698 556 κατάρχεται
715 469 813 556 μέλος
831 467 904 555 ἐμοὶ
923 466 1041 536 κλύειν
1154 485 1195 536 lto

303 582 418 663 φίλιον
437 578 475 643 έν
494 573 626 662 δόμοις·
645 573 794 654 θάνατος
813 569 852 642 ου’
872 571 999 663 πόρσω.

303 683 367 772 βοᾷ
387 679 499 769 φόνου
518 686 679 768 φροίμιον
699 679 864 762 στενάζων
883 677 976 762 άυαξ.

142 797 252 859 AYK.
281 780 416 857 ὦπάσα
435 787 577 874 Κάδμου
597 783 680 872 γαῖ’,
699 783 888 873 ἀπόλλυμαι
907 785 1008 877 δόλῳ.

142 903 182 964 Η
183 903 249 964 ΜΙ
252 903 286 962 Χ
290 902 326 963 0.
347 893 377 961 α’
405 894 460 960 καί
479 890 544 981 γάρ
563 892 719 973 διώλλυς·
738 888 916 960 ἀντίποινα
935 889 969 960 δ’
992 894 1134 962 ἐκτίνων
1160 912 1205 962 tot
1240 946 1246 953 -

249 1001 369 1087 τόλμα,
389 998 508 1079 διδούς
526 1026 563 1084 γε
583 1002 650 1067 τῶν
668 1000 884 1089 δεδραμένων
903 1003 1013 1086 δίκην.

142 1115 249 1176 ΗΜΙ
252 1114 286 1174 Χ
290 1113 326 1174 0.
346 1105 376 1192 β’
404 1112 454 1186 τίς
473 1101 490 1173 ὁ
509 1102 614 1185 θεοὺς
633 1101 757 1195 άνομίμ
776 1111 939 1192 χραίνων,
957 1103 1089 1193 θνητὸς
1108 1102 1169 1190 ὥν,

303 1209 559 1300 άφροναλόχον
579 1208 750 1301 οὐρανίων
769 1210 929 1301 μακάρων
948 1208 1123 1299 κατέβαλ’,

305 1313 349 1398 ὡς
369 1315 422 1402 ἄρ’
445 1315 487 1386 οὐ
507 1319 693 1386 σθένουσιν
711 1324 802 1399 θεοί;

143 1434 177 1494 Χ
183 1433 219 1494 0.
246 1426 417 1514 γέροντες,
436 1419 544 1493 οὐκέτ’
568 1429 637 1492 ἔστι
656 1422 823 1510 δυσσεβὴς
842 1420 943 1511 άνήρ·
1164 1444 1212 1493 760

251 1534 329 1621 σιγᾷ
347 1531 511 1618 μέλαθρα·
530 1527 614 1618 πρὸς
631 1527 753 1618 χοροὺς
770 1528 989 1619 τραπώμεθα·

252 1640 359 1725 [φίλοι
378 1634 442 1725 γάρ
462 1633 678 1723 εὐτυχοῦσιν,
697 1631 758 1717 οὓς
777 1633 841 1722 ἐμοὶ
859 1637 977 1723 θέλω]

612 1747 659 1818 (oc
684 1793 690 1804 .
710 1746 737 1804 α’

204 1841 237 1900 Χ
246 1839 282 1900 0.
310 1831 406 1919 χοροί
426 1831 520 1919 χοροὶ
539 1831 595 1898 καὶ
613 1753 749 1899 θαλίαι)

304 1938 441 2025 μέλουσι
462 1936 574 2024 Θήβας
594 1935 686 2024 ἱερὸν
704 1933 777 2005 κατ’
799 1934 892 2005 άστυ.

304 2043 503 2129 μεταλλαγαὶ
523 2041 586 2130 γάρ
606 2042 781 2133 δακρύων,
864 2128 868 2135 ⁸
1169 2066 1218 2114 765

143 2229 192 2298 qui
215 2228 408 2296 statuerimus,
432 2245 487 2281 non
511 2230 554 2282 est
577 2229 652 2297 quod
705 2229 718 2281 Ι
739 2235 752 2281 7
773 2229 851 2282 Τοω.
871 2228 924 2281 XII
947 2245 974 2296 p.
994 2234 1045 2282 371
1071 2230 1154 2287 Hutt.
1175 2231 1217 2302 [Τ.

143 2317 275 2355 numerus
293 2299 442 2367 singularis
461 2298 592 2354 offendet.
706 2301 733 2353 Il
759 2319 786 2369 p.
813 2298 908 2369 881D]
937 2299 996 2360 πῶς
1029 2296 1061 2354 δὲ
1094 2303 1175 2369 εἴπερ
1202 2298 1216 2356 δ

179 2373 212 2427 V.
239 2377 298 2427 754.
327 2371 480 2440 Eleganter
503 2370 652 2424 Elmsleius
705 2366 777 2432 θεὸς
797 2368 854 2424 ἐότι
873 2368 922 2422 καλ
944 2371 977 2439 τῇ
1003 2365 1109 2426 τούτου
1134 2392 1217 2440 φρον-

144 2444 188 2511 χῆ,
211 2438 367 2512 διόλλυμαι.
706 2443 763 2495 τίδι
781 2436 816 2494 τά
836 2435 900 2494 κατ’
925 2435 1083 2509 άνθρωπον
1110 2441 1219 2499 οἰκονο-

179 2514 212 2568 V.
235 2519 294 2567 756.
321 2507 422 2582 τόλμα]
447 2511 465 2566 i.
486 2529 511 2579 q.
538 2507 652 2580 άνὲχου,
707 2519 810 2581 μείται,
829 2508 928 2580 τὸμὲν
944 2513 1079 2580 κίβδηλον
1095 2509 1219 2585 εάτυχεῖ,

144 2584 180 2638 ob
204 2600 321 2652 eamque
344 2599 457 2636 causam
484 2599 547 2636 cum
565 2584 652 2651 parti·
706 2581 738 2635 τὸ
758 2578 786 2636 δ’
807 2577 920 2636 άστεῐον
938 2577 1078 2636 τάνοιντίοι
1103 2582 1219 2656 πάσχεις

144 2655 218 2725 cipio
242 2653 425 2721 construitur,
450 2653 523 2707 sicut
546 2655 574 2707 et
592 2653 653 2721 τλῆ·
704 2649 881 2722 Ἀγαμέμνων
903 2673 933 2707 τε
958 2648 1025 2722 γάρ,
1051 2649 1218 2727 ἀμφότερον

143 2747 201 2794 ναι,
219 2720 385 2795 ὑπομένειν.
428 2724 499 2778 Vide
518 2724 621 2791 Krueg.
641 2724 654 2776 Ι
707 2720 838 2794 βασιλεός
856 2719 883 2776 τ’
904 2719 1018 2810 άχαθός
1037 2722 1179 2796 κρατερός
1190 2722 1216 2782 τ’

144 2803 222 2866 ξὸὃ,
243 2805 267 2866 6,
289 2804 311 2851 l.
347 2797 380 2850 In
398 2794 531 2882 proximis
555 2790 653 2857 διδούς
708 2792 855 2864 αίχμητὴς,
879 2790 935 2849 ὑπο
960 2815 1008 2865 μοι
1028 2797 1061 2851 οὗ
1090 2799 1141 2853 καλ
1160 2819 1218 2886 μοι·

144 2888 175 2936 χε
201 2868 257 2922 τῶν
281 2870 464 2936 δεδραμενων
487 2868 583 2932 δίκην,
611 2884 652 2919 re·
707 2869 821 2935 χαλίδος
843 2861 980 2950 ἡττηθείς
1005 2817 1218 2953 άδολοιρονηθχ,

145 2939 230 3009 spicit
243 2939 418 2994 notissimam
432 2937 574 3007 proverbii
592 2954 652 2990 sen·
707 2933 790 2991 uulsi
810 2956 912 2991 τουτου
932 2939 964 2991 δὲ
984 2936 1218 3011 συχνενηςᾞρα-

144 3011 264 3066 tentiam
287 3005 404 3076 βέζοντά
428 3030 454 3062 τι
478 3009 526 3062 καὶ
544 3011 653 3061 παθεῖν
708 3008 775 3076 κλῆς
788 3003 875 3061 πολλά
887 3009 942 3062 τῶν
953 3005 1218 3080 ἐπιλυμαινομένων

145 3078 246 3135 ἔοικεν.
283 3080 364 3134 Pind.
389 3080 469 3133 Nem.
494 3079 530 3132 lv
551 3085 584 3132 32
603 3078 653 3132 ubi
705 3075 756 3132 τδν
784 3074 969 3146 άνθράπινον
996 3082 1058 3150 βίον
1085 3078 1220 3151 καθάρας

143 3149 199 3204 vid.
223 3151 331 3205 Dissen.
357 3150 442 3219 Soph.
462 3150 504 3203 El.
526 3155 593 3204 1026
614 3148 652 3202 si·
705 3145 762 3204 ὑπὸ
793 3152 965 3217 Δηϊανείρας
998 3152 1219 3219 φαρμακευθεὶς

143 3216 194 3282 κός
213 3216 266 3289 γάρ
288 3216 470 3288 ἐγχειροῦντα
489 3220 539 3274 καλ
564 3216 652 3285 πράσ-
707 3217 915 3289 ἐδολοφονήθη.
948 3221 1105 3291 Eleganter
1118 3223 1154 3278 de
1166 3224 1219 3278 huc

145 3309 205 3345 σειν
232 3292 335 3351 κακῶς.
386 3292 466 3343 Adde
495 3291 652 3346 Blomfield.
706 3291 838 3360 opinione
865 3291 998 3346 disseruit
1020 3292 1057 3348 M.
1078 3294 1221 3350 Antonius

144 3362 228 3431 gloss.
249 3362 285 3415 ad
304 3361 403 3416 Aesoh.
419 3360 542 3428 Choeph.
558 3368 607 3415 307
625 3363 653 3415 et
706 3363 832 3416 Muretus
863 3363 893 3415 in
926 3363 1052 3418 oratione
1085 3365 1218 3433 quadum,

143 3449 215 3502 quae
231 3450 316 3500 supra
329 3431 365 3484 sd
379 3450 404 3485 v.
417 3437 467 3485 7⁵27
479 3432 567 3486 allate
577 3436 648 3487 sunt.
706 3450 790 3502 quem
809 3433 951 3501 Exemplis
971 3433 1042 3502 eloq.
1061 3434 1127 3491 Lat
1141 3454 1170 3506 p.
1185 3441 1220 3491 '10

180 3505 213 3560 V.
234 3511 293 3557 757.
321 3502 415 3556 Poene
438 3503 575 3557 mulorum
599 3520 649 3572 pro
703 3504 820 3559 inseruit
829 3504 974 3558 Matthiae.
992 3536 1023 3543 -
1038 3500 1158 3573 ἄφρονα
1172 3502 1217 3561 λό-

144 3578 310 3646 crgumento
325 3575 396 3628 solet
410 3590 470 3627 esse
482 3573 650 3641 hominibus,
704 3595 754 3642 γον
769 3605 803 3614 -
814 3605 847 3613 -
861 3570 1009 3646 κατέβαλε,
1023 3577 1057 3629 ut
1069 3574 1217 3632 Plutarch.

144 3664 193 3701 our
220 3650 249 3702 et
276 3662 334 3702 csse
362 3645 428 3700 deos
456 3647 485 3699 et
499 3662 592 3711 'curae
615 3645 649 3698 iis
703 3645 803 3700 Pericl.
833 3663 861 3733 p.
891 3646 971 3701 1601)
1000 3643 1108 3715 πολλὴν
1137 3643 1219 3703 ἀσέλ-

146 3717 554 3773 essereshumanosoredant:
575 3716 651 3784 quod
704 3736 785 3785 χειαν
805 3718 895 3770 αυτοῦ
913 3716 1129 3772 κατεσκέδασαν
1157 3719 1220 3773 alii·

144 3791 241 3843 contre
264 3788 391 3843 dubitcrc
414 3789 563 3856 coguntur,
586 3804 651 3841 oum
705 3804 759 3856 que
783 3787 858 3856 apud
881 3786 1048 3843 Piersonum
1074 3789 1114 3843 ad
1131 3789 1219 3845 Moer.

144 3860 260 3913 meliore
279 3859 438 3914 conditione
457 3858 546 3911 malos
566 3875 651 3924 quom
703 3877 730 3928 p.
751 3864 900 3912 nro—220.
943 3859 1021 3914 Conf.
1047 3860 1218 3915 Herodotl

144 3929 232 3984 bonos
258 3946 317 3984 esse
344 3929 449 3984 vident.
490 3928 587 3994 Neque
616 3943 649 3981 ec
705 3935 755 3983 122
781 3926 811 3983 οἷ
834 3927 866 3984 δὲ
885 3925 1036 3992 τοκέες-
1055 3926 1217 4004 κατέβαλον

144 4000 224 4069 vulgi
249 4002 362 4054 tuntum
390 3998 485 4069 opinio
513 4004 567 4066 est,
602 3998 650 4052 sed
704 3997 804 4068 φάτιν,
842 3995 879 4062 ὡς
916 3996 1082 4071 ἐκκείμενον
1117 4003 1214 4070 Κῦρον

145 4070 231 4124 etiam
249 4071 481 4140 philosophorum
500 4086 557 4124 non
574 4069 651 4130 ultre
703 4066 780 4124 κάων
801 4068 949 4140 ἐξέθρεψε.

144 4142 245 4210 vulgus
256 4142 433 4210 sapientium¹
444 4145 477 4195 ut
486 4141 561 4194 illius
575 4140 650 4209 opud
740 4141 773 4195 V.
799 4149 956 4198 tto—780.
993 4144 1085 4199 Metrc
1116 4144 1218 4216 prioris

138 4210 325 4267 Plutarchum
349 4213 392 4266 De
417 4213 517 4267 Placit.
542 4209 649 4266 Philos.
705 4213 836 4282 strophae
856 4214 896 4268 sic
915 4214 1108 4272 discribimus:
