2558 4590
434 293 671 359 HELENA.
901 291 904 297 ’
1017 298 1056 360 es

10 496 25 556 ιζ
59 469 148 562 Ἑλένῃ
174 469 202 535 δ’
235 468 355 555 ὅμοιον
382 468 457 554 σῶμ’
488 469 589 556 λχοοό
621 469 661 537 οὐ
689 471 749 547 τὰς
775 483 898 560 φρένας
997 486 1057 547 160

64 581 124 658 ἔχεις
148 571 276 657 ὁμοίας,
303 571 391 637 ἀλλὰ
419 573 603 660 διαφόρους
630 573 726 639 ιιολό.

66 676 150 750 κακῶς
175 671 204 738 δ’
237 664 363 756 όλοιτο,
389 672 465 759 μηθ’
501 668 547 738 ἐπ’
576 671 717 759 uipera
745 671 829 761 ῥοὰς

67 779 163 841 ἔλθοι·
190 772 233 839 σε)
260 772 289 839 δ’
321 774 387 853 εἴης
413 771 552 859 εὐτυχὴς
576 773 641 858 cisi,
668 774 778 859 γύναι.

448 878 556 942 ΕΛΕ
565 879 652 941 ΝΗ.

69 965 247 1059 όμεγαλαιν
273 974 378 1061 όχεοιν
406 980 681 1061 καταβαλλομένα
707 986 810 1062 με’γαν
837 973 962 1057 οἶκτον,

12 1108 24 1153 ι,
69 1089 143 1143 scios
166 1075 350 1161 ἁμιλλαθῶ
377 1077 480 1161 γόους
508 1074 527 1157 ἢ
555 1083 630 1144 τίνα
657 1082 787 1160 μοῦσαν
802 1082 942 1157 ἐπέλθω,
998 1091 1056 1153 165

70 1177 209 1260 ilpunc,
234 1174 256 1258 ἢ
284 1176 439 1263 θρήνοις,
467 1205 486 1258 η
513 1185 692 1255 πένθισινς
719 1183 734 1246 ἓ
760 1189 785 1245 θ.

484 1294 548 1356 (σεο
569 1289 616 1354 α’-λ

143 1379 346 1468 πτεροφόροι
375 1381 530 1460 νεόνιόες,

147 1486 317 1566 παρθένοι
344 1483 489 1561 Χθονὸς
513 1483 620 1570 κόραι,

144 1586 318 1666 Σειρῆνες,
345 1583 409 1648 εἴθ’
445 1594 536 1668 ἐμοῖς
561 1585 655 1667 γόοις

118 1801 144 1848 V.
160 1800 218 1854 169.
248 1803 350 1851 Aldus
370 1799 444 1864 prices
462 1816 513 1850 om.
551 1802 635 1851 Deest
652 1803 679 1850 in
698 1802 853 1865 apographo
870 1800 954 1850 Paris.
966 1803 1057 1850 altero.

65 1997 86 2037 ct
102 1991 172 2052 quasi
195 1989 410 2048 fundamentum
437 1991 481 2040 ubi
489 2007 526 2057 ,u

64 2057 182 2108 Dissen.
200 2058 299 2108 Diod.
319 2056 384 2109 Sic.
399 2059 527 2121 illitu:

63 2123 254 2190 καταβαλόμενος
280 2125 308 2191 ἐξ
335 2121 413 2192 όρχῆε
438 2126 528 2188 καινὴν

61 2196 213 2258 νομοθεσίαν.
241 2196 410 2247 Plutarch.
430 2199 526 2250 Moral.

59 2282 79 2331 p.
89 2266 143 2320 329.
157 2268 195 2316 A:
216 2267 263 2315 τοῦ
287 2265 333 2330 τὴν
353 2263 471 2332 Στωϊκήν
491 2269 528 2317 αἴ-

58 2351 118 2399 ρταιν
145 2335 356 2401 καταβαλομένου
392 2333 527 2400 Ζήνωνος.

59 2405 203 2457 ΡΒΙᾸΙΘΚ.

87 2475 111 2525 V.
141 2475 194 2528 165
217 2493 257 2540 sq.
305 2480 407 2524 ποῖον
442 2469 528 2535 dpat-

56 2545 138 2596 ὶοθολ
155 2541 252 2610 γόον]
279 2545 312 2595 Id
335 2552 375 2593 est
393 2547 470 2608 quasi
489 2545 528 2594 di-

54 2630 91 2667 eat
111 2617 167 2665 τίνα
191 2612 259 2679 γόον
284 2610 387 2675 ἅμιλλαν
412 2611 530 2672 ἐπέλθω;

53 2701 143 2750 quam
184 2687 298 2735 luctus
339 2685 528 2734 contentio·

52 2770 113 2807 sem
129 2754 343 2835 aggrediare
358 2769 445 2817 quos
469 2754 528 2802 ile·

581 1992 682 2041 Praest.
701 1986 779 2038 Num.
798 1989 830 2038 T.
848 1990 869 2038 I.
889 2007 915 2055 p.
934 1991 996 2043 254.
1017 1992 1059 2041 De

580 2061 684 2125 generis
703 2060 821 2122 origine,
838 2060 871 2110 de
896 2062 981 2126 figura
1003 2062 1059 2110 vul-

580 2139 676 2195 tuque,
696 2129 728 2177 de
746 2144 870 2190 numero,
890 2130 923 2180 ‹le
945 2132 1059 2180 nomini·

574 2202 628 2250 ·bus
647 2201 693 2250 alii
706 2199 784 2247 aliter
794 2200 976 2248 tradiderunt:
996 2216 1060 2264 quo·

580 2287 638 2320 rum
662 2270 813 2318 varietatem
840 2271 992 2333 complexus
1022 2277 1061 2319 est

580 2340 601 2389 l.
627 2340 660 2392 H.
682 2338 819 2386 Vossius
844 2338 931 2402 Epist,
950 2339 1061 2401 mythol.

581 2410 632 2458 vol.
648 2409 678 2458 ll.
699 2423 723 2470 p.
741 2407 776 2459 50
787 2422 844 2471 sqq.
864 2408 904 2456 ed.
924 2423 986 2461 nov.
1006 2407 1060 2456 'su-

580 2479 658 2527 mulis
707 2478 807 2540 imponi
855 2478 934 2526 solitu
980 2478 1059 2526 simu-

581 2550 652 2597 lacre
675 2545 799 2596 Sirenum
818 2549 937 2596 constitit
974 2548 1061 2597 doctis

581 2615 782 2681 Sophoclis
818 2623 844 2664 et
873 2618 1062 2667 Isocratis

580 2686 713 2749 exemplo:
736 2699 848 2748 quorum
865 2687 899 2735 de
920 2687 968 2735 illo
986 2688 1062 2736 testis

580 2763 620 2807 est
638 2756 824 2820 grammaticus
843 2757 886 2818 qui
906 2757 962 2805 eius
980 2756 1062 2806 vitem

50 2833 96 2875 ius
119 2825 238 2874 ciebo?
266 2851 298 2864 -
328 2825 436 2885 ητίνα
454 2839 477 2884 μ.
497 2820 529 2886 εἶ,
580 2827 700 2889 scripsit,
726 2825 759 2873 de
778 2824 891 2873 lsocrete
911 2825 1061 2875 Pseudo·

10 2956 12 2961 Ι
49 2903 99 2944 sut
132 2910 229 2959 quam
254 2893 408 2942 naeniam
437 2893 527 2942 inve·
582 2892 788 2945 Plutarchus
812 2893 867 2942 Vit.
887 2894 923 2945 X.
941 2892 1016 2946 Orat.
1036 2911 1061 2959 p.

10 3004 15 3019 ,
47 2967 147 3024 niem,
173 2979 261 3028 quae
286 2963 370 3012 setis
404 2963 530 3012 habeat
579 2964 640 3018 835.
673 2962 735 3012 Duo
755 2963 945 3026 aliaexempla
965 2964 1063 3014 adiecit

47 3034 260 3085 lacrimarum
310 3041 365 3080 eut
408 3032 528 3082 lamen·
580 3033 1062 3097 Musgravius‚dequibusEriu·

46 3111 153 3155 torum
179 3110 240 3152 aut
262 3103 446 3152 maeroris?
501 3101 529 3150 ln
580 3121 619 3154 ne
637 3103 730 3167 Epigr.
748 3101 785 3150 11.
812 3102 839 3149 in
858 3104 938 3151 Aual.
958 3102 1005 3153 Br.
1020 3104 1060 3154 Τ.

47 3172 84 3225 liis
103 3173 181 3238 quod
200 3172 409 3230 diciturpoceav
427 3169 528 3235 ἐπέρχε-
580 3175 602 3223 Ι.
628 3190 653 3236 p.
679 3170 722 3224 58.
748 3177 775 3219 et
799 3171 985 3223 Muosalcas
1010 3173 1061 3238 Ep.

10 3246 12 3256 '
48 3243 120 3301 σθαι,
159 3242 218 3292 cius
254 3241 340 3291 simile
380 3246 421 3289 est
457 3241 529 3304 apud
579 3243 671 3294 XVll.
690 3241 754 3290 ibid.
768 3256 793 3304 p.
804 3241 863 3295 193.
878 3243 1061 3304 prodiderunt.

48 3312 222 3375 aristoph.
245 3310 362 3360 Acheru.
381 3309 446 3362 6272
467 3306 530 3359 zois
579 3312 727 3362 Addendus
752 3310 926 3362 Diodorus
956 3329 1063 3378 quoque

49 3383 226 3433 ἀναπαίστουτ
243 3378 363 3440 ἐπίωμεν.
382 3380 529 3444 Euripideo
580 3378 977 3435 SiculusLib.XVll.c.115.
997 3381 1063 3432 Nol-

10 3510 12 3517 ,
49 3468 116 3504 nore
151 3453 233 3501 etism
261 3444 303 3498 διὰ
334 3445 435 3512 μοόοηε
462 3448 529 3513 ἔρχι·
579 3454 630 3501 lem
659 3466 722 3499 vero
752 3464 783 3498 ea
808 3465 836 3499 re
863 3451 960 3502 abusus
993 3460 1063 3502 esset

10 3520 12 3563 !
51 3522 109 3573 σθαι
136 3522 221 3572 dicas.
251 3521 282 3572 V.
309 3520 344 3569 ad
363 3520 450 3568 Andr.
469 3518 529 3572 416.
579 3520 816 3583 Musgravius,
841 3526 870 3568 ut
893 3536 925 3569 eo
944 3523 1062 3570 invocari

50 3591 143 3643 Ιοῦοα
167 3607 249 3656 quum
276 3590 394 3652 quemvis
424 3597 530 3638 cantum
584 3590 693 3640 Sirenas
708 3590 741 3639 ab
750 3589 853 3637 Helena
867 3598 980 3653 putaret,
991 3592 1062 3654 quod

50 3662 178 3726 significet
211 3668 267 3710 tum
288 3660 322 3709 de
342 3658 448 3722 lugubri
468 3659 532 3708 dici·
585 3660 677 3709 Protei
696 3660 737 3709 cui
755 3659 894 3708 adsidebat
904 3659 1062 3708 tumuloha·

44 3742 87 3799 'tur
109 3731 174 3795 Iph.
203 3730 236 3779 Τ.
263 3729 322 3783 182.
351 3728 451 3777 Troad.
472 3729 531 3782 605.
583 3745 640 3778 rum
659 3730 787 3792 imagines
805 3730 946 3791 impositae
964 3734 1062 3777 essent.

53 3799 206 3851 PFLUGK.
582 3798 651 3849 Nam
678 3801 739 3848 illae
769 3799 862 3847 eodem
895 3801 952 3847 iure
983 3803 1064 3862 atque

81 3871 109 3921 V.
129 3870 195 3923 167.
225 3868 347 3919 Sirenum
367 3867 530 3917 dulcedinem
582 3869 673 3918 eedem
693 3869 848 3919 condicione
870 3868 898 3914 in
916 3867 1063 3917 funebrium

51 3943 119 3991 vocis
138 3942 265 4005 princeps
289 3938 452 3987 collaudavit
471 3937 531 3988 Ho-
584 3939 758 3988 lamentorum
789 3937 942 3985 societatem
967 3953 1063 3987 vocan-

52 4026 156 4060 uerus
174 4009 227 4059 Od.
245 4024 279 4071 μ,
298 4007 332 4060 39
351 4023 419 4071 sqq..
438 4009 533 4072 quibus
585 4017 640 4066 tur,
662 4024 714 4073 qua
732 4021 811 4070 quum
830 4005 894 4054 alibi
910 4021 990 4072 saepe
1009 4016 1064 4057 tum

53 4081 90 4130 rel
106 4080 281 4144 praecipuam
304 4079 423 4140 lugubris
442 4086 534 4127 centus
586 4079 656 4128 inira
679 4095 704 4128 v.
728 4075 802 4128 1107.
830 4075 955 4134 luscinia,
972 4071 1062 4126 θοιδο·

54 4145 534 4210 fucultatemtribuiSpauhcmium
588 4143 646 4210 κάκη
666 4145 800 4208 πετεηνῶν.
823 4143 978 4196 PFLUGK.

56 4220 174 4272 mouisse
201 4219 336 4282 comperio
359 4212 402 4267 ‘ds
429 4218 485 4268 Usu
511 4225 536 4266 et
624 4218 656 4265 V.
680 4213 835 4270 les-173.
879 4210 940 4264 εἴθ’
977 4215 1063 4276 ἐμοῖο
