2520 4590
366 1736 841 1852 ruouuurun.
911 1666 914 1670 ’

133 2034 239 2160 luobus
269 2097 477 2181 potissimum
510 2099 608 2163 rebus
642 2122 741 2245 (pruna
764 2098 967 2180 praestantia
997 2098 1113 2178 potitae

133 2189 282 2265 censeatur,
326 2190 359 2244 et
393 2183 584 2247 inveniendi
620 2183 765 2247 solertia
797 2189 830 2245 et
860 2180 1002 2246 inventis
1025 2191 1114 2245 recte

132 2265 226 2347 utendi,
259 2276 312 2331 est
335 2266 414 2330 illud
438 2268 570 2350 quidem
594 2269 727 2355 omnipo
744 2266 854 2330 levius
877 2265 1041 2330 invenisse
1065 2288 1115 2328 ar·

131 2361 282 2429 amentum
306 2352 497 2438 tragoediae
530 2352 683 2437 quamsi
698 2354 821 2431 “lum
845 2352 884 2415 ab
909 2352 972 2415 alio
996 2359 1053 2413 aut
1075 2372 1115 2414 ex

130 2438 255 2500 conmuni
287 2459 350 2500 usu
383 2430 777 2532 poetarunt·„a''2·tſsrrs
804 2434 1015 2500 laudabiliter
1048 2444 1115 2500 tra·

128 2526 218 2603 classe,
244 2523 438 2605 praesertim
460 2524 495 2587 in
519 2516 745 2611 antiqui?
768 2522 814 2607 fis,
846 2522 964 2604 quibus
993 2521 1045 2585 vel
1068 2521 1115 2585 fa-

126 2621 168 2668 tae
194 2607 392 2670 auctoritate
424 2608 477 2671 vel
508 2610 550 2673 ob
580 2604 828 2685 consuatiidiuis
852 2608 917 2670 vim
940 2629 1044 2692 paene
1065 2607 1116 2670 in·

124 2689 269 2756 terdictum
300 2691 355 2754 illa
387 2693 612 2759 novandarum
639 2714 749 2759 rerum
776 2692 910 2756 licentia
932 2692 1001 2754 suit.
1048 2689 1116 2756 Sed

122 2779 198 2840 tinen
222 2799 327 2860 quum
356 2799 408 2840 res
432 2778 563 2843 easdem
592 2776 686 2861 aliter
707 2779 748 2842 ab
771 2778 843 2840 aliis
865 2777 1003 2840 traditas
1026 2773 1116 2836 vide·

120 2876 200 2943 turus,
232 2861 430 2946 explicanda
460 2887 498 2928 ea
526 2864 684 2928 varietate
706 2862 740 2926 id
764 2871 852 2925 certe
874 2857 1115 2941 consequimur,

117 2954 137 3007 ut
153 2947 325 3011 eonsilium
349 2947 623 3033 prudentiamque
646 2951 764 3035 poetae
785 2946 858 3008 aliis
882 2944 1022 3024 utentis,
1052 2941 1116 3006 alia

115 3033 278 3115 spernentis
302 3055 505 3117 cognoscere
526 3035 634 3099 liceat.
680 3032 792 3114 Quare
813 3039 909 3094 vetus
931 3028 1116 3093 institutum

113 3117 266 3181 enarrandi
299 3117 430 3182 fabulae
453 3119 636 3206 argumenti
658 3119 705 3181 ita
727 3117 925 3196 tenebimus,
960 3123 998 3177 ut
1020 3113 1116 3178 simul

90 3204 351 3287 ‘complectamur
381 3204 455 3286 illa,
486 3227 568 3287 quae
598 3202 776 3288 Euripides
805 3211 841 3265 ut
872 3201 978 3264 aliena
1004 3198 1115 3262 trami-

108 3289 180 3370 serit,
204 3287 310 3370 idque
333 3310 371 3351 eo
394 3289 518 3376 magis,
548 3287 637 3373 quod
659 3289 827 3372 perierunt
849 3282 1057 3369 Asclepiadis
1078 3283 1116 3346 li·

106 3367 141 3436 tri
175 3376 492 3454 Τοογῳόοομέοων,
519 3397 616 3458 quem
646 3373 686 3436 de
710 3371 890 3455 Alcestidis
914 3392 1045 3453 quoque
1068 3369 1116 3430 la·

105 3453 168 3521 bula
193 3457 387 3543 exposuisse
412 3457 551 3523 coniioio
578 3482 595 3521 e
620 3456 731 3524 Schol.
756 3455 798 3519 ad
811 3456 886 3520 Alc.
909 3480 939 3519 v.
966 3458 992 3515 l.
1019 3452 1036 3529 ἡ
1061 3449 1115 3514 διὰ

102 3542 264 3627 στόματος
296 3549 348 3608 καὶ
382 3542 538 3626 δημώδης
569 3549 701 3627 ἱστορία
726 3545 805 3627 Χπερὶ
834 3545 892 3620 τῆς
911 3535 1117 3608 ’Λπόλλωνος

100 3630 236 3708 θητείας
260 3626 332 3710 παρ’
356 3626 504 3715 Ἀδμήτῳ
529 3629 613 3707 αὕτη
636 3632 735 3706 ἐστίν,
757 3622 776 3719 ᾗ
796 3632 950 3711 κέχρηται
966 3624 1026 3684 νῦν
1050 3616 1115 3681 Ea-

98 3716 236 3797 ριπίδης.
263 3709 350 3778 οὕτω
373 3717 408 3778 δέ
434 3737 519 3805 φησι
542 3719 597 3779 καὶ
617 3712 778 3788 Ἡσίοδος
801 3718 856 3776 καὶ
877 3703 1118 3800 ’Λοκληπιαᾷης

97 3807 125 3863 ἐν
152 3800 469 3880 Τραγῳδουμένοις.
491 3799 580 3864 Nam
603 3799 644 3862 ab
667 3798 832 3884 Apollinis
856 3789 990 3888 servitio
1006 3795 1044 3886 et.
1062 3785 1116 3885 1lle

96 3883 208 3951 debuit
240 3881 370 3948 initium
403 3886 511 3950 lacere
539 3882 694 3948 narrandi
716 3894 749 3948 et
770 3881 856 3945 idem
879 3875 973 3938 nobis
996 3893 1116 3956 princi·

94 3972 183 4054 pium
207 3968 281 4032 erit.
1051 4013 1053 4018 ,

179 4051 403 4139 Aesculapius
429 4055 543 4155 igitur,
568 4052 732 4138 Apollinis
755 4049 843 4111 filius
859 4043 1016 4126 'idemque
1039 4040 1118 4108 Chi·

95 4142 183 4205 ronis
206 4138 297 4201 illius
321 4139 554 4224 sapientissimi
573 4136 809 4202 Centaurorum
834 4131 997 4215 alumnus,
1019 4150 1123 4216 quum
