2520 4590
450 308 693 385 ALOES'PIS.
1048 322 1089 389 1⁹

79 480 254 551 arcemn
281 502 325 583 ax
355 480 594 571 Aristophanis
625 487 933 556 commemoratione
973 488 1087 579 dunis,

79 590 120 635 as
162 565 225 633 Pss
271 566 350 637 hus
376 567 457 635 olim
485 566 568 634 colle
611 577 664 635 rat
690 570 774 639 hanc
802 572 947 641 fabulam
975 574 1088 645 datam

78 674 125 741 sse
141 662 228 721 ante·
270 654 297 731 ‚l
330 676 386 752 .P·
406 652 550 721 LXXX
621 654 651 721 Ι.
673 678 748 723 ann.
772 661 813 741 1.‚
836 681 947 725 carere
966 684 1088 762 possu-

78 762 136 807 tus.
182 738 264 807 Nec
292 676 352 805 diil
368 739 489 806 rationi
522 741 659 806 multum
692 742 904 811 tribuendum
942 745 1086 833 videtur,

78 848 127 891 ns-
146 822 195 893 G.
221 825 435 903 Hermannus
465 826 652 925 suspicatus
674 835 725 894 est
744 828 861 894 iterum
882 829 968 896 hano
990 832 1086 899 fabu-

78 934 112 975 m
135 910 268 977 editam
298 932 371 978 esse
395 910 437 976 ab
449 910 611 998 Euripide
624 921 702 999 post
715 911 814 1001 Olym
841 914 1070 983 ‚LXXXIX

78 996 141 1063 nod
167 996 231 1063 ille
264 996 387 1063 confici
414 996 556 1085 putabat
591 1020 694 1082 quum
722 940 944 1067 moduiatione
973 966 1086 1069 taliuni

78 1104 230 1171 emnam,-
246 1082 362 1169 quales
384 1091 497 1149 essent
518 1083 594 1166 375,
617 1084 692 1149 376.
758 1104 762 1109 ·

135 1198 193 1261 ἐπὶ
215 1196 329 1271 solede
351 1195 475 1271 παῖδας
515 1188 604 1281 ιιρὸς
626 1193 660 1277 ἐξ
682 1195 763 1279 ἐμῆς
784 1196 894 1281 δέχου.
1008 1236 1011 1241 -

133 1282 296 1366 δέχομαι,
319 1282 421 1367 φίλον
441 1303 477 1362 ys
492 1219 609 1359 ducor
631 1286 667 1345 ἐκ
689 1282 791 1364 φίλης
809 1278 930 1366 laprio,

78 1413 120 1457 tm
140 1389 232 1457 locis
264 1388 481 1476 quibusdam,
513 1389 548 1455 in
592 1389 690 1456 uibus
712 1388 851 1476 vestigia
873 1389 1011 1459 duarum
1032 1414 1083 1459 re·

78 1476 249 1543 maionem
281 1474 538 1560 deprehendisse
559 1497 587 1541 s1
612 1475 624 1539 i
651 1474 742 1541 visus
770 1483 841 1540 erat
861 1475 913 1540 vir
933 1476 1084 1545 doctissi-

78 1585 133 1645 ns,
155 1585 216 1627 vv.
245 1562 317 1627 55«
337 1562 411 1627 810.
443 1561 515 1627 883.
548 1562 644 1626 1105.
688 1560 808 1645 Neque
836 1561 923 1625 enim
951 1562 1084 1628 omnino

78 1648 104 1713 ti
137 1647 231 1735 legi,
261 1666 329 1732 qua
360 1647 571 1712 Hermannus
601 1646 642 1711 de
665 1655 812 1731 tempore
836 1644 1019 1712 fabularum
1043 1669 1084 1713 ex

77 1754 121 1799 aa
160 1731 341 1797 modorum
385 1732 511 1797 ratione
541 1732 644 1797 statui
680 1732 801 1813 voluit,
837 1730 1085 1797 concedendum

77 1841 122 1884 ise
152 1816 308 1902 videtur,
348 1827 383 1883 et
408 1817 532 1905 singuli
559 1818 641 1900 loci,
672 1840 714 1882 ex
744 1816 865 1902 quibus
895 1816 1020 1901 aliquid
1043 1816 1084 1883 de

77 1903 181 1989 uplici
221 1902 319 1968 huius
347 1902 478 1969 subulae
507 1903 696 1969 recensione
727 1900 880 1968 concludi
901 1920 1001 1987 posse
1022 1926 1084 1988 pu·

77 1986 162 2073 isat,
198 1987 361 2054 eiusmodi
392 1997 490 2072 sunt,
525 1997 564 2053 ut
584 1987 636 2071 id,
659 1987 750 2074 quod
773 1987 828 2052 ille
849 1986 974 2070 voluit,
1004 1986 1083 2054 inde

77 2073 211 2141 ›neludi
239 2096 340 2159 posse
372 2070 504 2139 minime
526 2072 695 2157 videatur,
719 2096 785 2156 qua
807 2071 847 2137 de
867 2095 903 2137 re
925 2070 1082 2160 deinceps

77 2182 110 2227 ιο
141 2160 222 2226 loco
251 2182 272 2223 a
300 2160 394 2227 nobis
433 2182 473 2224 ex
496 2159 659 2226 licabitur.
712 2158 949 2243 Praeterquam
975 2167 1084 2223 autem

77 2245 142 2313 uod
165 2245 356 2312 accuratius
386 2269 427 2311 ex
449 2244 460 2310 i
485 2269 506 2310 o
532 2243 732 2310 didascalico
746 2244 930 2330 fragmento
955 2250 1082 2330 tempus

77 2355 179 2415 aum,
220 2353 287 2414 quo
331 2331 412 2397 haec
439 2329 552 2397 iabula
570 2339 643 2397 acta
671 2339 777 2410 esset,
807 2327 936 2393 definiri
964 2329 1082 2412 potuit,

77 2414 290 2484 ercommodc
312 2417 411 2483 etiam
433 2415 516 2481 illud
537 2408 670 2499 accidit,
694 2414 782 2501 quod
807 2436 848 2478 ex
863 2411 979 2478 eodem
992 2413 1081 2512 frng-

76 2513 164 2570 iento
203 2523 242 2565 co
291 2504 452 2585 oscimus⁷
485 2501 570 2586 quae
593 2500 769 2588 tetralogia
791 2500 849 2563 illa
871 2497 980 2580 fuerit,
1007 2521 1081 2583 qur·

76 2612 147 2656 use
171 2587 295 2653 fabuis
317 2587 513 2669 constiterit,
539 2611 604 2672 quo
626 2585 741 2651 ordine
764 2609 837 2651 com
863 2584 945 2648 osita
968 2584 1078 2667 fuerit,

76 2700 86 2740 ι
116 2699 188 2762 qua
210 2673 272 2738 hac
294 2673 405 2739 sabula
425 2695 506 2739 usus
528 2682 579 2738 est
600 2663 790 2755 Euripides.
835 2608 977 2756 Regitur
998 2668 1083 2734 enim

76 2761 117 2846 οἱ,
149 2754 428 2847 quemadmodum
464 2766 554 2824 recte
590 2757 797 2823 emendatum
829 2765 894 2821 est:
941 2756 1084 2841 Πρῶτος

76 2872 92 2913 ν
126 2848 331 2935 Σοφοκλῆς,
375 2840 529 2929 δεύτερος
561 2845 746 2926 Εὐριπίδης
781 2839 967 2924 Κρήσσαις,
1003 2838 1082 2934 ’.Αᾷ-

76 2938 204 3011 unimus
231 2934 278 3009 roi
300 2924 356 2994 διὰ
374 2931 560 3016 Ψωφῖδος,
590 2932 745 3012 Τηλέφῳ.
766 2924 972 3002 Ἀλκήστιδι.
1015 2918 1080 2986 Hrs

76 3019 153 3085 ebus
185 3017 327 3104 cognitis
356 3015 397 3082 de
433 3014 535 3082 totius
564 3014 694 3080 fabulae
733 3011 860 3076 ratione
896 3029 935 3071 ac
965 3015 1083 3072 natura

76 3105 171 3170 relius
203 3103 268 3167 iam
299 3124 359 3167 nos
389 3101 535 3167 iudicare
564 3123 662 3187 posse
690 3092 842 3166 videmur
864 3116 962 3178 quam
985 3115 1082 3180 supc-

76 3193 171 3256 iores.
224 3188 356 3253 Etenim
387 3210 489 3272 quum
516 3185 762 3272 tetralogiarum
785 3181 869 3246 ratio
891 3179 948 3244 illa
970 3179 1080 3262 fuerit,

77 3285 92 3340 t
120 3273 266 3362 peractis
296 3273 401 3339 tribus
423 3270 609 3371 tragoediis·
626 3279 744 3355 quarta
765 3265 937 3333 decederet
958 3264 1080 3345 fabula,

76 3386 88 3427 ι
110 3384 180 3446 qua
202 3359 303 3423 animi
330 3357 498 3424 hominum
524 3364 652 3443 tragico
672 3354 878 3440 superiorum
900 3349 1082 3416 fabularum

76 3567 259 3580 .....--—--

159 3710 322 3765 scriberetur
331 3710 478 3763 Γλαυκίνοο
488 3740 525 3761 ...
543 3715 569 3761 et
580 3709 652 3774 apud
661 3702 836 3758 Scholiastam
848 3707 883 3756 ad
893 3702 1080 3767 Aristophanis
1133 3763 1136 3768 ι

160 3783 374 3834 Acharnensium
392 3799 418 3831 v.
436 3780 488 3842 67„
507 3795 558 3845 quo
576 3780 604 3828 in
622 3775 823 3842 locodmyilvov
842 3791 868 3822 τε
886 3775 927 3822 καὶ
940 3766 1081 3835 Θεοδώρου

160 3867 211 3918 pro
235 3848 275 3900 dri
303 3850 447 3900 simoniaco
470 3866 496 3898 τε
523 3849 565 3898 καὶ
598 3843 738 3911 Θεοδώρου
760 3847 869 3906 legitur,
893 3856 970 3904 quam
991 3853 1081 3889 veram

159 3935 220 3970 esse
243 3920 397 3970 archontum
427 3921 521 3969 seriem
547 3917 705 3981 intelligitur
734 3930 767 3963 ex
790 3911 902 3960 Diodori
926 3909 1008 3959 Siculi
1033 3909 1083 3957 lib.

160 3989 226 4039 XII·
251 4005 273 4038 ο.
299 3988 419 4042 art-31.
444 3987 621 4039 conserantur
652 3991 789 4050 praeterea
814 3979 874 4041 illa,
904 3993 971 4042 qnae
992 3976 1081 4027 urio.

162 4055 355 4109 Gulielmus
395 4054 490 4108 Glum
533 4057 562 4106 in
601 4051 819 4105 commentatione
866 4047 898 4098 de
944 4046 1081 4113 Euripidis
1139 4088 1142 4093 .

162 4128 300 4178 Alcestide
317 4129 395 4179 edita
416 4126 539 4177 Borolini
565 4139 635 4174 anno
662 4114 921 4171 MDCOCXXXVI.
944 4116 977 4167 ds
1004 4131 1036 4169 ea
1053 4129 1082 4164 ra

162 4197 288 4246 disseruit
306 4206 385 4260 qnam
405 4212 430 4260 p.
453 4195 482 4248 m
502 4210 540 4258 sq.
559 4199 614 4241 tum
632 4190 692 4240 adn.
712 4187 735 4239 1.
754 4202 779 4251 p.
803 4183 841 4239 14.
878 4184 911 4236 R.
931 4187 962 4238 Κ.

822 4273 843 4339 2
864 4271 881 4306 a
