<?xml version="1.0" encoding="UTF-8"?>
<!DOCTYPE html PUBLIC "-//W3C//DTD XHTML 1.0 Transitional//EN"
    "http://www.w3.org/TR/xhtml1/DTD/xhtml1-transitional.dtd">
<html xmlns="http://www.w3.org/1999/xhtml" xml:lang="en" lang="en">
 <head>
  <title>
</title>
<meta http-equiv="Content-Type" content="text/html;charset=utf-8" />
  <meta name='ocr-system' content='tesseract 3.04.00' />
  <meta name='ocr-capabilities' content='ocr_page ocr_carea ocr_par ocr_line ocrx_word'/>
</head>
<body>
  <div class='ocr_page' id='page_1' title='image "./euripidistragoe00pflugoog/euripidistragoe00pflugoog_0360.png"; bbox 0 0 2520 4590; ppageno 0'>
   <div class='ocr_carea' id='block_1_1' title="bbox 547 212 1184 279">
    <p class='ocr_par' dir='ltr' id='par_1_1' title="bbox 547 212 1184 279">
     <span class='ocr_line' id='line_1_1' title="bbox 547 212 1184 279; baseline 0.003 -15"><span class='ocrx_word' id='word_1_1' title='bbox 547 212 750 269; x_wconf 78' lang='lat' dir='ltr'>sessuros.</span> <span class='ocrx_word' id='word_1_2' title='bbox 1162 212 1184 279; x_wconf 73' lang='grc' dir='ltr'><strong><em>τ</em></strong></span> 
     </span>
    </p>
   </div>
   <div class='ocr_carea' id='block_1_2' title="bbox 67 369 1184 3743">
    <p class='ocr_par' dir='ltr' id='par_1_2' title="bbox 80 369 1184 2678">
     <span class='ocr_line' id='line_1_2' title="bbox 112 369 1183 457; baseline -0.001 -20"><span class='ocrx_word' id='word_1_3' title='bbox 112 374 259 456; x_wconf 88' lang='lat' dir='ltr'>tempore</span> <span class='ocrx_word' id='word_1_4' title='bbox 282 390 443 455; x_wconf 79' lang='lat' dir='ltr'>causaque</span> <span class='ocrx_word' id='word_1_5' title='bbox 464 369 595 453; x_wconf 80' lang='lat' dir='ltr'>furoris,</span> <span class='ocrx_word' id='word_1_6' title='bbox 618 393 713 455; x_wconf 90' lang='lat' dir='ltr'>quem</span> <span class='ocrx_word' id='word_1_7' title='bbox 736 370 921 455; x_wconf 83' lang='lat' dir='ltr'>Euripides,</span> <span class='ocrx_word' id='word_1_8' title='bbox 948 375 985 436; x_wconf 91' lang='lat' dir='ltr'>ut</span> <span class='ocrx_word' id='word_1_9' title='bbox 1008 394 1107 457; x_wconf 88' lang='lat' dir='ltr'>supra</span> <span class='ocrx_word' id='word_1_10' title='bbox 1129 371 1183 436; x_wconf 89' lang='lat' dir='ltr'>de·</span> 
     </span>
     <span class='ocr_line' id='line_1_3' title="bbox 115 459 1181 544; baseline 0 -19"><span class='ocrx_word' id='word_1_11' title='bbox 115 460 385 544; x_wconf 79' lang='lat' dir='ltr'>monstravimus,</span> <span class='ocrx_word' id='word_1_12' title='bbox 411 459 551 542; x_wconf 75' lang='lat' dir='ltr'>peractis</span> <span class='ocrx_word' id='word_1_13' title='bbox 579 460 647 523; x_wconf 85' lang='lat' dir='ltr'>iam</span> <span class='ocrx_word' id='word_1_14' title='bbox 673 460 838 524; x_wconf 83' lang='lat' dir='ltr'>laboribus</span> <span class='ocrx_word' id='word_1_15' title='bbox 866 461 975 526; x_wconf 87' lang='lat' dir='ltr'>reduci</span> <span class='ocrx_word' id='word_1_16' title='bbox 1004 461 1045 526; x_wconf 83' lang='lat' dir='ltr'>ab</span> <span class='ocrx_word' id='word_1_17' title='bbox 1068 461 1181 525; x_wconf 88' lang='lat' dir='ltr'>inferis</span> 
     </span>
     <span class='ocr_line' id='line_1_4' title="bbox 80 547 1184 633; baseline 0.004 -24"><span class='ocrx_word' id='word_1_18' title='bbox 80 592 85 609; x_wconf 86' lang='lat'>.</span> <span class='ocrx_word' id='word_1_19' title='bbox 117 548 248 615; x_wconf 86' lang='lat' dir='ltr'>Herculi</span> <span class='ocrx_word' id='word_1_20' title='bbox 274 548 419 633; x_wconf 88' lang='lat' dir='ltr'>Lycique</span> <span class='ocrx_word' id='word_1_21' title='bbox 445 547 580 612; x_wconf 90' lang='lat' dir='ltr'>iniurias</span> <span class='ocrx_word' id='word_1_22' title='bbox 610 548 679 613; x_wconf 90' lang='lat' dir='ltr'>ulto</span> <span class='ocrx_word' id='word_1_23' title='bbox 710 549 871 614; x_wconf 88' lang='lat' dir='ltr'>obiectum</span> <span class='ocrx_word' id='word_1_24' title='bbox 899 572 918 613; x_wconf 83' lang='lat' dir='ltr'>s</span> <span class='ocrx_word' id='word_1_25' title='bbox 945 549 1073 614; x_wconf 89' lang='lat' dir='ltr'>Iunone</span> <span class='ocrx_word' id='word_1_26' title='bbox 1097 548 1184 632; x_wconf 86' lang='lat' dir='ltr'>dicit,</span> 
     </span>
     <span class='ocr_line' id='line_1_5' title="bbox 117 636 1182 722; baseline 0 -19"><span class='ocrx_word' id='word_1_27' title='bbox 117 637 269 705; x_wconf 71' lang='lat' dir='ltr'>hmtenus</span> <span class='ocrx_word' id='word_1_28' title='bbox 301 637 509 702; x_wconf 85' lang='lat' dir='ltr'>consentiunt</span> <span class='ocrx_word' id='word_1_29' title='bbox 540 636 639 702; x_wconf 82' lang='lat' dir='ltr'>schol</span> <span class='ocrx_word' id='word_1_30' title='bbox 670 636 766 701; x_wconf 91' lang='lat' dir='ltr'>Hom.</span> <span class='ocrx_word' id='word_1_31' title='bbox 800 636 859 702; x_wconf 91' lang='lat' dir='ltr'>Od.</span> <span class='ocrx_word' id='word_1_32' title='bbox 893 643 913 703; x_wconf 98' lang='grc' dir='ltr'><strong><em>λ</em></strong></span> <span class='ocrx_word' id='word_1_33' title='bbox 946 639 1025 722; x_wconf 88' lang='grc'><strong><em>269,</em></strong></span> <span class='ocrx_word' id='word_1_34' title='bbox 1062 637 1182 703; x_wconf 87' lang='lat' dir='ltr'>Eusta-</span> 
     </span>
     <span class='ocr_line' id='line_1_6' title="bbox 119 723 1182 813; baseline 0.001 -22"><span class='ocrx_word' id='word_1_35' title='bbox 119 727 200 792; x_wconf 87' lang='lat' dir='ltr'>thius</span> <span class='ocrx_word' id='word_1_36' title='bbox 204 725 402 813; x_wconf 83' lang='lat' dir='ltr'>,Hyginus,</span> <span class='ocrx_word' id='word_1_37' title='bbox 426 723 512 810; x_wconf 92' lang='lat' dir='ltr'>quod</span> <span class='ocrx_word' id='word_1_38' title='bbox 535 725 568 789; x_wconf 94' lang='lat' dir='ltr'>id</span> <span class='ocrx_word' id='word_1_39' title='bbox 590 729 668 809; x_wconf 90' lang='lat' dir='ltr'>post</span> <span class='ocrx_word' id='word_1_40' title='bbox 689 729 764 810; x_wconf 83' lang='lat' dir='ltr'>rapt</span> <span class='ocrx_word' id='word_1_41' title='bbox 764 749 819 790; x_wconf 91' lang='lat' dir='ltr'>um</span> <span class='ocrx_word' id='word_1_42' title='bbox 843 725 974 792; x_wconf 78' lang='lat' dir='ltr'>Cerberi</span> <span class='ocrx_word' id='word_1_43' title='bbox 997 748 1182 811; x_wconf 81' lang='lat' dir='ltr'>poenasque</span> 
     </span>
     <span class='ocr_line' id='line_1_7' title="bbox 122 812 1183 900; baseline 0.001 -21"><span class='ocrx_word' id='word_1_44' title='bbox 122 812 193 900; x_wconf 79' lang='lat' dir='ltr'>byei</span> <span class='ocrx_word' id='word_1_45' title='bbox 215 815 372 881; x_wconf 85' lang='lat' dir='ltr'>eccidisse</span> <span class='ocrx_word' id='word_1_46' title='bbox 396 815 553 880; x_wconf 85' lang='lat' dir='ltr'>scribunt:</span> <span class='ocrx_word' id='word_1_47' title='bbox 577 836 640 898; x_wconf 91' lang='lat' dir='ltr'>quo</span> <span class='ocrx_word' id='word_1_48' title='bbox 665 818 772 879; x_wconf 85' lang='lat' dir='ltr'>eutem</span> <span class='ocrx_word' id='word_1_49' title='bbox 790 815 981 899; x_wconf 89' lang='lat' dir='ltr'>tempore&#39;t</span> <span class='ocrx_word' id='word_1_50' title='bbox 954 838 966 878; x_wconf 95' lang='lat'>1</span> <span class='ocrx_word' id='word_1_51' title='bbox 982 837 1016 880; x_wconf 87' lang='lat' dir='ltr'>er</span> <span class='ocrx_word' id='word_1_52' title='bbox 966 816 1120 881; x_wconf 90' lang='lat' dir='ltr'>tillud</span> <span class='ocrx_word' id='word_1_53' title='bbox 1140 815 1183 880; x_wconf 87' lang='lat' dir='ltr'>ad</span> 
     </span>
     <span class='ocr_line' id='line_1_8' title="bbox 122 903 1180 1005; baseline 0.001 -36"><span class='ocrx_word' id='word_1_54' title='bbox 122 904 236 988; x_wconf 70' lang='lat' dir='ltr'>pallide</span> <span class='ocrx_word' id='word_1_55' title='bbox 257 924 359 989; x_wconf 83' lang='lat' dir='ltr'>regna</span> <span class='ocrx_word' id='word_1_56' title='bbox 383 906 568 1005; x_wconf 82' lang='lat' dir='ltr'>susceptum</span> <span class='ocrx_word' id='word_1_57' title='bbox 591 904 704 986; x_wconf 80' lang='lat' dir='ltr'>velint,</span> <span class='ocrx_word' id='word_1_58' title='bbox 736 926 804 969; x_wconf 90' lang='lat' dir='ltr'>non</span> <span class='ocrx_word' id='word_1_59' title='bbox 832 904 1026 991; x_wconf 83' lang='lat' dir='ltr'>significent.</span> <span class='ocrx_word' id='word_1_60' title='bbox 1072 903 1180 971; x_wconf 78' lang='lat' dir='ltr'>Ceteri</span> 
     </span>
     <span class='ocr_line' id='line_1_9' title="bbox 124 991 1183 1079; baseline 0.001 -22"><span class='ocrx_word' id='word_1_61' title='bbox 124 1014 235 1079; x_wconf 77' lang='lat' dir='ltr'>magno</span> <span class='ocrx_word' id='word_1_62' title='bbox 258 1014 421 1058; x_wconf 85' lang='lat' dir='ltr'>consensu</span> <span class='ocrx_word' id='word_1_63' title='bbox 444 993 547 1057; x_wconf 88' lang='lat' dir='ltr'>ente</span> <span class='ocrx_word' id='word_1_64' title='bbox 538 993 709 1057; x_wconf 83' lang='lat' dir='ltr'>mseniisse</span> <span class='ocrx_word' id='word_1_65' title='bbox 728 991 901 1057; x_wconf 85' lang='lat' dir='ltr'>Herculem</span> <span class='ocrx_word' id='word_1_66' title='bbox 919 993 1061 1073; x_wconf 83' lang='lat' dir='ltr'>tradunt,</span> <span class='ocrx_word' id='word_1_67' title='bbox 1084 1016 1183 1079; x_wconf 87' lang='lat' dir='ltr'>quam</span> 
     </span>
     <span class='ocr_line' id='line_1_10' title="bbox 125 1081 1182 1167; baseline 0 -20"><span class='ocrx_word' id='word_1_68' title='bbox 125 1104 153 1147; x_wconf 90' lang='lat' dir='ltr'>se</span> <span class='ocrx_word' id='word_1_69' title='bbox 172 1083 265 1167; x_wconf 87' lang='lat' dir='ltr'>quasi</span> <span class='ocrx_word' id='word_1_70' title='bbox 288 1082 324 1146; x_wconf 92' lang='lat' dir='ltr'>in</span> <span class='ocrx_word' id='word_1_71' title='bbox 347 1081 535 1146; x_wconf 85' lang='lat' dir='ltr'>servitutem</span> <span class='ocrx_word' id='word_1_72' title='bbox 557 1081 733 1165; x_wconf 75' lang='lat' dir='ltr'>Eurysthei</span> <span class='ocrx_word' id='word_1_73' title='bbox 757 1083 944 1166; x_wconf 80' lang='lat' dir='ltr'>addixisset,</span> <span class='ocrx_word' id='word_1_74' title='bbox 973 1105 1010 1147; x_wconf 87' lang='lat' dir='ltr'>ac</span> <span class='ocrx_word' id='word_1_75' title='bbox 1036 1105 1077 1147; x_wconf 90' lang='lat' dir='ltr'>ne</span> <span class='ocrx_word' id='word_1_76' title='bbox 1100 1081 1182 1147; x_wconf 93' lang='lat' dir='ltr'>Her-</span> 
     </span>
     <span class='ocr_line' id='line_1_11' title="bbox 123 1170 1183 1255; baseline 0.002 -20"><span class='ocrx_word' id='word_1_77' title='bbox 123 1170 217 1236; x_wconf 83' lang='lat' dir='ltr'>culem</span> <span class='ocrx_word' id='word_1_78' title='bbox 241 1170 371 1255; x_wconf 89' lang='lat' dir='ltr'>quidem</span> <span class='ocrx_word' id='word_1_79' title='bbox 393 1172 463 1234; x_wconf 91' lang='lat' dir='ltr'>tum</span> <span class='ocrx_word' id='word_1_80' title='bbox 486 1173 650 1254; x_wconf 82' lang='lat' dir='ltr'>vocatum,</span> <span class='ocrx_word' id='word_1_81' title='bbox 678 1171 733 1235; x_wconf 91' lang='lat' dir='ltr'>sed</span> <span class='ocrx_word' id='word_1_82' title='bbox 757 1172 914 1235; x_wconf 85' lang='lat' dir='ltr'>Alcaeum</span> <span class='ocrx_word' id='word_1_83' title='bbox 942 1172 1009 1237; x_wconf 89' lang='lat' dir='ltr'>sive</span> <span class='ocrx_word' id='word_1_84' title='bbox 1037 1171 1183 1238; x_wconf 87' lang='lat' dir='ltr'>Alciden.</span> 
     </span>
     <span class='ocr_line' id='line_1_12' title="bbox 122 1256 1181 1343; baseline 0.003 -20"><span class='ocrx_word' id='word_1_85' title='bbox 122 1256 196 1324; x_wconf 93' lang='lat' dir='ltr'>Illud</span> <span class='ocrx_word' id='word_1_86' title='bbox 222 1259 399 1342; x_wconf 86' lang='lat' dir='ltr'>discrepet,</span> <span class='ocrx_word' id='word_1_87' title='bbox 430 1259 515 1343; x_wconf 90' lang='lat' dir='ltr'>quod</span> <span class='ocrx_word' id='word_1_88' title='bbox 547 1259 619 1323; x_wconf 82' lang='lat' dir='ltr'>eliis</span> <span class='ocrx_word' id='word_1_89' title='bbox 654 1260 760 1342; x_wconf 83' lang='lat' dir='ltr'>placet</span> <span class='ocrx_word' id='word_1_90' title='bbox 791 1264 867 1343; x_wconf 90' lang='lat' dir='ltr'>post</span> <span class='ocrx_word' id='word_1_91' title='bbox 898 1260 1020 1325; x_wconf 84' lang='lat' dir='ltr'>factam</span> <span class='ocrx_word' id='word_1_92' title='bbox 1050 1261 1181 1327; x_wconf 87' lang='lat' dir='ltr'>caedem</span> 
     </span>
     <span class='ocr_line' id='line_1_13' title="bbox 123 1347 1181 1433; baseline 0.001 -19"><span class='ocrx_word' id='word_1_93' title='bbox 123 1349 279 1414; x_wconf 86' lang='lat' dir='ltr'>oraculum</span> <span class='ocrx_word' id='word_1_94' title='bbox 302 1370 377 1413; x_wconf 92' lang='lat' dir='ltr'>eum</span> <span class='ocrx_word' id='word_1_95' title='bbox 399 1347 517 1412; x_wconf 84' lang='lat' dir='ltr'>adiisse</span> <span class='ocrx_word' id='word_1_96' title='bbox 539 1348 726 1432; x_wconf 88' lang='lat' dir='ltr'>iussumque</span> <span class='ocrx_word' id='word_1_97' title='bbox 750 1370 820 1413; x_wconf 89' lang='lat' dir='ltr'>esse</span> <span class='ocrx_word' id='word_1_98' title='bbox 842 1348 1021 1432; x_wconf 79' lang='lat' dir='ltr'>Eurysthei</span> <span class='ocrx_word' id='word_1_99' title='bbox 1044 1351 1181 1433; x_wconf 90' lang='lat' dir='ltr'>imperio</span> 
     </span>
     <span class='ocr_line' id='line_1_14' title="bbox 125 1436 1181 1521; baseline 0.003 -20"><span class='ocrx_word' id='word_1_100' title='bbox 125 1437 254 1503; x_wconf 84' lang='lat' dir='ltr'>tolerato</span> <span class='ocrx_word' id='word_1_101' title='bbox 273 1436 555 1502; x_wconf 81' lang='lat' dir='ltr'>immortalitatem</span> <span class='ocrx_word' id='word_1_102' title='bbox 574 1458 716 1520; x_wconf 78' lang='lat' dir='ltr'>sperare3</span> <span class='ocrx_word' id='word_1_103' title='bbox 736 1437 808 1502; x_wconf 87' lang='lat' dir='ltr'>aliis</span> <span class='ocrx_word' id='word_1_104' title='bbox 826 1438 889 1502; x_wconf 89' lang='lat' dir='ltr'>hoc</span> <span class='ocrx_word' id='word_1_105' title='bbox 912 1438 983 1521; x_wconf 91' lang='lat' dir='ltr'>ipso</span> <span class='ocrx_word' id='word_1_106' title='bbox 1003 1438 1089 1504; x_wconf 90' lang='lat' dir='ltr'>edito</span> <span class='ocrx_word' id='word_1_107' title='bbox 1109 1461 1181 1505; x_wconf 89' lang='lat' dir='ltr'>ora-</span> 
     </span>
     <span class='ocr_line' id='line_1_15' title="bbox 124 1525 1181 1612; baseline 0.004 -23"><span class='ocrx_word' id='word_1_108' title='bbox 124 1525 186 1590; x_wconf 89' lang='lat' dir='ltr'>culo</span> <span class='ocrx_word' id='word_1_109' title='bbox 209 1525 420 1609; x_wconf 87' lang='lat' dir='ltr'>despondisse</span> <span class='ocrx_word' id='word_1_110' title='bbox 444 1525 588 1589; x_wconf 90' lang='lat' dir='ltr'>animum</span> <span class='ocrx_word' id='word_1_111' title='bbox 612 1547 712 1609; x_wconf 92' lang='lat' dir='ltr'>usque</span> <span class='ocrx_word' id='word_1_112' title='bbox 736 1547 789 1611; x_wconf 84' lang='lat' dir='ltr'>eo,</span> <span class='ocrx_word' id='word_1_113' title='bbox 815 1528 853 1590; x_wconf 89' lang='lat' dir='ltr'>ut</span> <span class='ocrx_word' id='word_1_114' title='bbox 875 1526 983 1591; x_wconf 86' lang='lat' dir='ltr'>furore</span> <span class='ocrx_word' id='word_1_115' title='bbox 1007 1528 1181 1612; x_wconf 91' lang='lat' dir='ltr'>corripere-</span> 
     </span>
     <span class='ocr_line' id='line_1_16' title="bbox 124 1613 1181 1701; baseline 0.002 -22"><span class='ocrx_word' id='word_1_116' title='bbox 124 1616 176 1679; x_wconf 84' lang='lat' dir='ltr'>tur.</span> <span class='ocrx_word' id='word_1_117' title='bbox 222 1613 319 1679; x_wconf 85' lang='lat' dir='ltr'>Prius</span> <span class='ocrx_word' id='word_1_118' title='bbox 354 1613 555 1698; x_wconf 85' lang='lat' dir='ltr'>Apollodoro</span> <span class='ocrx_word' id='word_1_119' title='bbox 590 1615 805 1698; x_wconf 87' lang='lat' dir='ltr'>perscriptum</span> <span class='ocrx_word' id='word_1_120' title='bbox 838 1618 887 1679; x_wconf 88' lang='lat' dir='ltr'>est</span> <span class='ocrx_word' id='word_1_121' title='bbox 922 1615 978 1680; x_wconf 92' lang='lat' dir='ltr'>lib.</span> <span class='ocrx_word' id='word_1_122' title='bbox 1005 1615 1039 1679; x_wconf 92' lang='lat' dir='ltr'>H</span> <span class='ocrx_word' id='word_1_123' title='bbox 1072 1617 1094 1680; x_wconf 90' lang='lat'>4</span> <span class='ocrx_word' id='word_1_124' title='bbox 1124 1618 1181 1701; x_wconf 76' lang='lat'>123</span> 
     </span>
     <span class='ocr_line' id='line_1_17' title="bbox 124 1701 1180 1790; baseline 0.005 -25"><span class='ocrx_word' id='word_1_125' title='bbox 124 1701 245 1768; x_wconf 83' lang='lat' dir='ltr'>ulterius</span> <span class='ocrx_word' id='word_1_126' title='bbox 268 1703 376 1767; x_wconf 85' lang='lat' dir='ltr'>famae</span> <span class='ocrx_word' id='word_1_127' title='bbox 399 1706 473 1767; x_wconf 85' lang='lat' dir='ltr'>auct</span> <span class='ocrx_word' id='word_1_128' title='bbox 474 1725 512 1767; x_wconf 91' lang='lat' dir='ltr'>or</span> <span class='ocrx_word' id='word_1_129' title='bbox 458 1702 696 1767; x_wconf 88' lang='lat' dir='ltr'>tDiodorus</span> <span class='ocrx_word' id='word_1_130' title='bbox 723 1703 772 1768; x_wconf 93' lang='lat' dir='ltr'>IV</span> <span class='ocrx_word' id='word_1_131' title='bbox 802 1704 844 1768; x_wconf 89' lang='grc'>10</span> <span class='ocrx_word' id='word_1_132' title='bbox 872 1725 917 1787; x_wconf 90' lang='lat' dir='ltr'>sq</span> <span class='ocrx_word' id='word_1_133' title='bbox 962 1703 1015 1768; x_wconf 86' lang='lat' dir='ltr'>Ab</span> <span class='ocrx_word' id='word_1_134' title='bbox 1042 1709 1180 1790; x_wconf 91' lang='lat' dir='ltr'>utroque</span> 
     </span>
     <span class='ocr_line' id='line_1_18' title="bbox 124 1790 1181 1877; baseline 0.003 -22"><span class='ocrx_word' id='word_1_135' title='bbox 124 1790 239 1857; x_wconf 81' lang='lat' dir='ltr'>diversa</span> <span class='ocrx_word' id='word_1_136' title='bbox 267 1791 424 1877; x_wconf 80' lang='lat' dir='ltr'>quaedem</span> <span class='ocrx_word' id='word_1_137' title='bbox 452 1791 551 1856; x_wconf 88' lang='lat' dir='ltr'>hebet</span> <span class='ocrx_word' id='word_1_138' title='bbox 578 1791 733 1857; x_wconf 82' lang='lat' dir='ltr'>Nicoleus</span> <span class='ocrx_word' id='word_1_139' title='bbox 760 1791 996 1876; x_wconf 82' lang='lat' dir='ltr'>Damascenus‚</span> <span class='ocrx_word' id='word_1_140' title='bbox 1030 1798 1181 1859; x_wconf 81' lang='lat' dir='ltr'>narrator</span> 
     </span>
     <span class='ocr_line' id='line_1_19' title="bbox 126 1877 1179 1987; baseline 0.003 -42"><span class='ocrx_word' id='word_1_141' title='bbox 126 1881 230 1967; x_wconf 81' lang='lat' dir='ltr'>suavis,</span> <span class='ocrx_word' id='word_1_142' title='bbox 252 1882 345 1946; x_wconf 87' lang='lat' dir='ltr'>cuius</span> <span class='ocrx_word' id='word_1_143' title='bbox 360 1881 442 1987; x_wconf 89' lang='lat' dir='ltr'>ipsa</span> <span class='ocrx_word' id='word_1_144' title='bbox 469 1882 570 1946; x_wconf 86' lang='lat' dir='ltr'>verba</span> <span class='ocrx_word' id='word_1_145' title='bbox 597 1902 758 1965; x_wconf 88' lang='lat' dir='ltr'>apponere</span> <span class='ocrx_word' id='word_1_146' title='bbox 786 1882 889 1946; x_wconf 81' lang='lat' dir='ltr'>iuvat:</span> <span class='ocrx_word' id='word_1_147' title='bbox 917 1877 989 1966; x_wconf 85' lang='grc' dir='ltr'><strong><em>μετ’</em></strong></span> <span class='ocrx_word' id='word_1_148' title='bbox 1023 1878 1061 1948; x_wconf 85' lang='grc' dir='ltr'>σι’</span> <span class='ocrx_word' id='word_1_149' title='bbox 1092 1878 1179 1948; x_wconf 79' lang='grc' dir='ltr'><strong><em>πολὺ</em></strong></span> 
     </span>
     <span class='ocr_line' id='line_1_20' title="bbox 127 1964 1179 2057; baseline 0.006 -26"><span class='ocrx_word' id='word_1_150' title='bbox 127 1964 155 2032; x_wconf 75' lang='lat' dir='ltr'>dl</span> <span class='ocrx_word' id='word_1_151' title='bbox 176 1969 281 2035; x_wconf 79' lang='grc' dir='ltr'><strong><em>ταῦτα</em></strong></span> <span class='ocrx_word' id='word_1_152' title='bbox 304 1964 431 2053; x_wconf 79' lang='grc' dir='ltr'><em>δράσας</em></span> <span class='ocrx_word' id='word_1_153' title='bbox 453 1970 574 2046; x_wconf 81' lang='grc' dir='ltr'><strong><em>ἔννους</em></strong></span> <span class='ocrx_word' id='word_1_154' title='bbox 596 1969 725 2052; x_wconf 79' lang='grc' dir='ltr'><strong><em>ἐγένετο</em></strong></span> <span class='ocrx_word' id='word_1_155' title='bbox 748 1968 804 2034; x_wconf 82' lang='grc' dir='ltr'>καὶ</span> <span class='ocrx_word' id='word_1_156' title='bbox 823 1968 1071 2057; x_wconf 78' lang='grc' dir='ltr'><strong><em>ἐσωφρόνησεν,</em></strong></span> <span class='ocrx_word' id='word_1_157' title='bbox 1095 1970 1179 2037; x_wconf 83' lang='grc' dir='ltr'><strong><em>ἐκλι-</em></strong></span> 
     </span>
     <span class='ocr_line' id='line_1_21' title="bbox 126 2053 1180 2168; baseline 0.004 -47"><span class='ocrx_word' id='word_1_158' title='bbox 126 2069 190 2123; x_wconf 79' lang='grc' dir='ltr'><strong><em>κεῑν</em></strong></span> <span class='ocrx_word' id='word_1_159' title='bbox 211 2082 247 2124; x_wconf 90' lang='grc' dir='ltr'>τε</span> <span class='ocrx_word' id='word_1_160' title='bbox 271 2059 434 2123; x_wconf 83' lang='grc' dir='ltr'><strong><em>θιενοεῐτο</em></strong></span> <span class='ocrx_word' id='word_1_161' title='bbox 455 2053 515 2134; x_wconf 80' lang='grc' dir='ltr'>τὰς</span> <span class='ocrx_word' id='word_1_162' title='bbox 531 2054 645 2142; x_wconf 79' lang='grc' dir='ltr'><strong><em>Θήβας</em></strong></span> <span class='ocrx_word' id='word_1_163' title='bbox 663 2053 852 2167; x_wconf 81' lang='grc' dir='ltr'><strong><em>ἀχθόμενος</em></strong></span> <span class='ocrx_word' id='word_1_164' title='bbox 874 2057 988 2124; x_wconf 77' lang='grc' dir='ltr'>ἐπὶ</span> <span class='ocrx_word' id='word_1_165' title='bbox 923 2084 988 2168; x_wconf 79' lang='grc' dir='ltr'><strong><em>τῃ</em></strong></span> <span class='ocrx_word' id='word_1_166' title='bbox 1012 2061 1180 2168; x_wconf 80' lang='grc' dir='ltr'><strong><em>συμφορᾷ.</em></strong></span> 
     </span>
     <span class='ocr_line' id='line_1_22' title="bbox 124 2136 1181 2231; baseline 0.007 -23.02"><span class='ocrx_word' id='word_1_167' title='bbox 124 2136 256 2231; x_wconf 77' lang='grc' dir='ltr'><strong><em>Ἰφικλῆς</em></strong></span> <span class='ocrx_word' id='word_1_168' title='bbox 284 2143 321 2211; x_wconf 74' lang='grc' dir='ltr'>δὲ</span> <span class='ocrx_word' id='word_1_169' title='bbox 352 2144 407 2210; x_wconf 83' lang='grc' dir='ltr'>καὶ</span> <span class='ocrx_word' id='word_1_170' title='bbox 436 2143 621 2230; x_wconf 81' lang='grc' dir='ltr'><strong><em>Λικύμνιος</em></strong></span> <span class='ocrx_word' id='word_1_171' title='bbox 648 2144 858 2231; x_wconf 68' lang='lat' dir='ltr'>superridebo</span> <span class='ocrx_word' id='word_1_172' title='bbox 891 2142 996 2214; x_wconf 79' lang='grc' dir='ltr'><strong><em>αὐτὸν</em></strong></span> <span class='ocrx_word' id='word_1_173' title='bbox 1023 2143 1181 2215; x_wconf 81' lang='grc' dir='ltr'><strong><em>ἀπενιαυ-</em></strong></span> 
     </span>
     <span class='ocr_line' id='line_1_23' title="bbox 124 2231 1179 2346; baseline 0.005 -48.073"><span class='ocrx_word' id='word_1_174' title='bbox 124 2237 259 2317; x_wconf 81' lang='grc' dir='ltr'><strong><em>ι,ίσαντα</em></strong></span> <span class='ocrx_word' id='word_1_175' title='bbox 283 2231 329 2312; x_wconf 81' lang='grc' dir='ltr'><strong><em>ὡς</em></strong></span> <span class='ocrx_word' id='word_1_176' title='bbox 351 2231 455 2319; x_wconf 91' lang='grc' dir='ltr'><strong><em>νόμος</em></strong></span> <span class='ocrx_word' id='word_1_177' title='bbox 477 2233 581 2318; x_wconf 78' lang='grc' dir='ltr'><strong><em>ἐστίν,</em></strong></span> <span class='ocrx_word' id='word_1_178' title='bbox 609 2234 670 2313; x_wconf 81' lang='grc' dir='ltr'>ἔξω</span> <span class='ocrx_word' id='word_1_179' title='bbox 693 2234 749 2300; x_wconf 84' lang='grc' dir='ltr'>καὶ</span> <span class='ocrx_word' id='word_1_180' title='bbox 776 2233 1016 2346; x_wconf 61' lang='grc' dir='ltr'><strong><em>καθαιρόμενον</em></strong></span> <span class='ocrx_word' id='word_1_181' title='bbox 1043 2238 1179 2303; x_wconf 84' lang='grc' dir='ltr'><strong><em>έιτανελ-</em></strong></span> 
     </span>
     <span class='ocr_line' id='line_1_24' title="bbox 125 2319 1179 2433; baseline 0.006 -48"><span class='ocrx_word' id='word_1_182' title='bbox 125 2327 190 2389; x_wconf 75' lang='grc' dir='ltr'><strong><em>θεῖν</em></strong></span> <span class='ocrx_word' id='word_1_183' title='bbox 223 2326 271 2401; x_wconf 79' lang='grc' dir='ltr'>εἰς</span> <span class='ocrx_word' id='word_1_184' title='bbox 302 2320 416 2431; x_wconf 79' lang='grc' dir='ltr'><strong><em>Θήβας</em></strong></span> <span class='ocrx_word' id='word_1_185' title='bbox 446 2322 569 2388; x_wconf 83' lang='grc' dir='ltr'><strong><em>καὶί</em></strong></span> <span class='ocrx_word' id='word_1_186' title='bbox 535 2325 647 2389; x_wconf 90' lang='grc' dir='ltr'><strong><em>οίκειν.</em></strong></span> <span class='ocrx_word' id='word_1_187' title='bbox 688 2320 746 2401; x_wconf 79' lang='grc' dir='ltr'><strong><em>Ὡς</em></strong></span> <span class='ocrx_word' id='word_1_188' title='bbox 778 2321 808 2389; x_wconf 88' lang='lat' dir='ltr'>d’</span> <span class='ocrx_word' id='word_1_189' title='bbox 844 2319 905 2390; x_wconf 85' lang='grc' dir='ltr'>οὐκ</span> <span class='ocrx_word' id='word_1_190' title='bbox 936 2328 1091 2433; x_wconf 83' lang='grc' dir='ltr'><strong><em>έττειθον,</em></strong></span> <span class='ocrx_word' id='word_1_191' title='bbox 1124 2325 1179 2391; x_wconf 78' lang='grc' dir='ltr'>καὶ</span> 
     </span>
     <span class='ocr_line' id='line_1_25' title="bbox 124 2407 1178 2521; baseline 0.003 -44"><span class='ocrx_word' id='word_1_192' title='bbox 124 2407 210 2479; x_wconf 77' lang='grc' dir='ltr'><strong><em>αὐτοὶ</em></strong></span> <span class='ocrx_word' id='word_1_193' title='bbox 232 2408 504 2521; x_wconf 76' lang='grc' dir='ltr'><strong><em>συνεξώρμησαν.</em></strong></span> <span class='ocrx_word' id='word_1_194' title='bbox 550 2409 692 2496; x_wconf 80' lang='grc' dir='ltr'><strong><em>Μεγάρα</em></strong></span> <span class='ocrx_word' id='word_1_195' title='bbox 719 2410 756 2478; x_wconf 74' lang='lat' dir='ltr'>dt</span> <span class='ocrx_word' id='word_1_196' title='bbox 782 2410 838 2478; x_wconf 80' lang='grc' dir='ltr'>καί</span> <span class='ocrx_word' id='word_1_197' title='bbox 866 2408 949 2498; x_wconf 76' lang='grc' dir='ltr'><strong><em>αὐτὴ</em></strong></span> <span class='ocrx_word' id='word_1_198' title='bbox 973 2414 1178 2519; x_wconf 76' lang='grc' dir='ltr'><strong><em>συνεξωρμα,</em></strong></span> 
     </span>
     <span class='ocr_line' id='line_1_26' title="bbox 121 2497 1180 2613; baseline 0.006 -49"><span class='ocrx_word' id='word_1_199' title='bbox 121 2501 169 2584; x_wconf 77' lang='grc' dir='ltr'>τῆς</span> <span class='ocrx_word' id='word_1_200' title='bbox 194 2497 322 2586; x_wconf 80' lang='grc' dir='ltr'><strong><em>μητρὸς</em></strong></span> <span class='ocrx_word' id='word_1_201' title='bbox 347 2498 556 2613; x_wconf 75' lang='grc' dir='ltr'><strong><em>κωλυούσης,</em></strong></span> <span class='ocrx_word' id='word_1_202' title='bbox 586 2503 647 2567; x_wconf 83' lang='grc' dir='ltr'><strong><em>τοῦ</em></strong></span> <span class='ocrx_word' id='word_1_203' title='bbox 675 2499 712 2566; x_wconf 77' lang='lat' dir='ltr'>dl</span> <span class='ocrx_word' id='word_1_204' title='bbox 739 2499 862 2584; x_wconf 85' lang='grc' dir='ltr'><strong><em>πατρὸς</em></strong></span> <span class='ocrx_word' id='word_1_205' title='bbox 894 2505 1180 2582; x_wconf 66' lang='lat' dir='ltr'>consuetutudines</span> 
     </span>
     <span class='ocr_line' id='line_1_27' title="bbox 119 2586 1181 2704; baseline 0.006 -51"><span class='ocrx_word' id='word_1_206' title='bbox 119 2590 290 2674; x_wconf 81' lang='grc' dir='ltr'><strong><em>Κρέοντος.</em></strong></span> <span class='ocrx_word' id='word_1_207' title='bbox 348 2586 550 2671; x_wconf 80' lang='grc' dir='ltr'><strong><em>Εὐρυσθεὺς</em></strong></span> <span class='ocrx_word' id='word_1_208' title='bbox 586 2586 678 2656; x_wconf 72' lang='lat' dir='ltr'>did</span> <span class='ocrx_word' id='word_1_209' title='bbox 716 2589 893 2657; x_wconf 81' lang='grc' dir='ltr'><strong><em>Σθενέλου</em></strong></span> <span class='ocrx_word' id='word_1_210' title='bbox 929 2616 990 2658; x_wconf 91' lang='grc' dir='ltr'><strong><em>του</em></strong></span> <span class='ocrx_word' id='word_1_211' title='bbox 1022 2592 1181 2704; x_wconf 82' lang='grc' dir='ltr'><strong><em>Περσέως</em></strong></span> 
     </span>
    </p>

    <p class='ocr_par' dir='ltr' id='par_1_3' title="bbox 67 2674 1182 3743">
     <span class='ocr_line' id='line_1_28' title="bbox 117 2674 1182 2789; baseline 0.004 -47"><span class='ocrx_word' id='word_1_212' title='bbox 117 2674 371 2763; x_wconf 75' lang='grc' dir='ltr'><strong><em>αἰσθόμενος</em></strong></span> <span class='ocrx_word' id='word_1_213' title='bbox 338 2703 378 2744; x_wconf 91' lang='grc' dir='ltr'><strong><em>τα</em></strong></span> <span class='ocrx_word' id='word_1_214' title='bbox 400 2677 629 2761; x_wconf 77' lang='grc' dir='ltr'><strong><em>καταλαβόντα</em></strong></span> <span class='ocrx_word' id='word_1_215' title='bbox 646 2675 810 2764; x_wconf 80' lang='grc' dir='ltr'><strong><em>Ἡρακλέα</em></strong></span> <span class='ocrx_word' id='word_1_216' title='bbox 833 2681 1050 2789; x_wconf 76' lang='grc' dir='ltr'><strong><em>μετεπέμπετο</em></strong></span> <span class='ocrx_word' id='word_1_217' title='bbox 1075 2677 1182 2747; x_wconf 87' lang='grc' dir='ltr'><strong><em>αυτὸν</em></strong></span> 
     </span>
     <span class='ocr_line' id='line_1_29' title="bbox 67 2762 1179 2879; baseline 0.003 -47"><span class='ocrx_word' id='word_1_218' title='bbox 67 2762 69 2769; x_wconf 66' lang='grc'><strong>’</strong></span> <span class='ocrx_word' id='word_1_219' title='bbox 115 2768 156 2844; x_wconf 93' lang='grc' dir='ltr'>είς</span> <span class='ocrx_word' id='word_1_220' title='bbox 180 2762 396 2879; x_wconf 88' lang='grc' dir='ltr'><strong><em>Τίρυνθα,</em></strong></span> <span class='ocrx_word' id='word_1_221' title='bbox 380 2791 398 2832; x_wconf 94' lang='grc' dir='ltr'><strong><em>ο</em></strong></span> <span class='ocrx_word' id='word_1_222' title='bbox 424 2764 514 2832; x_wconf 72' lang='grc' dir='ltr'><strong><em>δὲεί</em></strong></span> <span class='ocrx_word' id='word_1_223' title='bbox 484 2769 531 2844; x_wconf 88' lang='grc' dir='ltr'>είς</span> <span class='ocrx_word' id='word_1_224' title='bbox 562 2768 647 2833; x_wconf 85' lang='grc' dir='ltr'>νοῦν</span> <span class='ocrx_word' id='word_1_225' title='bbox 674 2766 861 2876; x_wconf 84' lang='grc' dir='ltr'><strong><em>βαλόμενος</em></strong></span> <span class='ocrx_word' id='word_1_226' title='bbox 887 2765 924 2834; x_wconf 87' lang='grc' dir='ltr'><strong><em>τὸ</em></strong></span> <span class='ocrx_word' id='word_1_227' title='bbox 950 2766 1179 2855; x_wconf 83' lang='grc' dir='ltr'><strong><em>Ἀμφιτρύωνι</em></strong></span> 
     </span>
     <span class='ocr_line' id='line_1_30' title="bbox 112 2851 1181 2942; baseline 0.001 -20"><span class='ocrx_word' id='word_1_228' title='bbox 112 2851 315 2942; x_wconf 77' lang='grc' dir='ltr'><strong><em>χρησθέν,“</em></strong></span> <span class='ocrx_word' id='word_1_229' title='bbox 295 2880 346 2921; x_wconf 91' lang='grc' dir='ltr'><strong><em>οτι</em></strong></span> <span class='ocrx_word' id='word_1_230' title='bbox 369 2879 476 2940; x_wconf 84' lang='grc' dir='ltr'><strong><em>χρεων</em></strong></span> <span class='ocrx_word' id='word_1_231' title='bbox 499 2862 548 2939; x_wconf 84' lang='grc' dir='ltr'><strong><em>είη</em></strong></span> <span class='ocrx_word' id='word_1_232' title='bbox 573 2860 754 2922; x_wconf 80' lang='grc' dir='ltr'><strong><em>πείθεσθαι</em></strong></span> <span class='ocrx_word' id='word_1_233' title='bbox 773 2853 949 2942; x_wconf 77' lang='grc' dir='ltr'><strong><em>Εὐρυσθεῖ</em></strong></span> <span class='ocrx_word' id='word_1_234' title='bbox 964 2856 1019 2922; x_wconf 82' lang='grc' dir='ltr'>καὶ</span> <span class='ocrx_word' id='word_1_235' title='bbox 1040 2857 1181 2936; x_wconf 76' lang='grc' dir='ltr'><strong><em>ἐσαῦθις</em></strong></span> 
     </span>
     <span class='ocr_line' id='line_1_31' title="bbox 112 2941 1182 3055; baseline 0.001 -45"><span class='ocrx_word' id='word_1_236' title='bbox 112 2944 194 3030; x_wconf 79' lang='grc' dir='ltr'><strong><em>μέγα</em></strong></span> <span class='ocrx_word' id='word_1_237' title='bbox 214 2944 301 3024; x_wconf 79' lang='grc' dir='ltr'><strong><em>ἕξειν</em></strong></span> <span class='ocrx_word' id='word_1_238' title='bbox 315 2944 419 3026; x_wconf 90' lang='grc' dir='ltr'><strong><em>κλέος,</em></strong></span> <span class='ocrx_word' id='word_1_239' title='bbox 439 2941 631 3028; x_wconf 81' lang='grc' dir='ltr'><strong><em>ἐναγόντων</em></strong></span> <span class='ocrx_word' id='word_1_240' title='bbox 644 2942 712 3030; x_wconf 78' lang='grc' dir='ltr'>ἅμα</span> <span class='ocrx_word' id='word_1_241' title='bbox 726 2949 916 3030; x_wconf 81' lang='grc' dir='ltr'><strong><em>Λικυμνίου</em></strong></span> <span class='ocrx_word' id='word_1_242' title='bbox 929 2942 1004 3011; x_wconf 75' lang='grc' dir='ltr'><strong><em>καθ’</em></strong></span> <span class='ocrx_word' id='word_1_243' title='bbox 996 2946 1182 3055; x_wconf 80' lang='grc' dir='ltr'><strong><em>Αλκμήνης</em></strong></span> 
     </span>
     <span class='ocr_line' id='line_1_32' title="bbox 110 3029 1179 3143; baseline 0.002 -43"><span class='ocrx_word' id='word_1_244' title='bbox 110 3031 193 3100; x_wconf 81' lang='grc' dir='ltr'><strong><em>κατὰ</em></strong></span> <span class='ocrx_word' id='word_1_245' title='bbox 213 3031 276 3118; x_wconf 80' lang='grc' dir='ltr'><strong><em>τὴν</em></strong></span> <span class='ocrx_word' id='word_1_246' title='bbox 289 3033 497 3143; x_wconf 79' lang='grc' dir='ltr'><strong><em>συγγένειαν,</em></strong></span> <span class='ocrx_word' id='word_1_247' title='bbox 517 3029 681 3142; x_wconf 75' lang='grc' dir='ltr'><strong><em>ὥρμησεν</em></strong></span> <span class='ocrx_word' id='word_1_248' title='bbox 689 3036 736 3111; x_wconf 89' lang='grc' dir='ltr'>είς</span> <span class='ocrx_word' id='word_1_249' title='bbox 757 3037 911 3119; x_wconf 89' lang='grc' dir='ltr'><strong><em>Τίρυνθα</em></strong></span> <span class='ocrx_word' id='word_1_250' title='bbox 929 3030 1010 3119; x_wconf 84' lang='grc' dir='ltr'><strong><em>μετὰ</em></strong></span> <span class='ocrx_word' id='word_1_251' title='bbox 1028 3031 1179 3102; x_wconf 82' lang='grc' dir='ltr'><strong><em>πόντων·</em></strong></span> 
     </span>
     <span class='ocr_line' id='line_1_33' title="bbox 111 3117 1178 3237; baseline 0.003 -49"><span class='ocrx_word' id='word_1_252' title='bbox 111 3121 179 3188; x_wconf 79' lang='grc' dir='ltr'>Καὶ</span> <span class='ocrx_word' id='word_1_253' title='bbox 205 3117 317 3188; x_wconf 76' lang='grc' dir='ltr'><strong><em>ἕπεθ’</em></strong></span> <span class='ocrx_word' id='word_1_254' title='bbox 299 3126 496 3230; x_wconf 89' lang='grc' dir='ltr'><strong><em>αφίκοντο,</em></strong></span> <span class='ocrx_word' id='word_1_255' title='bbox 505 3118 706 3232; x_wconf 81' lang='grc' dir='ltr'><strong><em>Ευρυσθευς</em></strong></span> <span class='ocrx_word' id='word_1_256' title='bbox 734 3125 907 3233; x_wconf 77' lang='grc' dir='ltr'><strong><em>Λικυμνίῳ</em></strong></span> <span class='ocrx_word' id='word_1_257' title='bbox 939 3121 1001 3208; x_wconf 75' lang='grc' dir='ltr'>μὲν</span> <span class='ocrx_word' id='word_1_258' title='bbox 1024 3123 1079 3190; x_wconf 80' lang='grc' dir='ltr'>καί</span> <span class='ocrx_word' id='word_1_259' title='bbox 1100 3121 1178 3237; x_wconf 88' lang='grc' dir='ltr'><strong><em>Ἰφι-</em></strong></span> 
     </span>
     <span class='ocr_line' id='line_1_34' title="bbox 108 3201 1179 3321; baseline 0.003 -43"><span class='ocrx_word' id='word_1_260' title='bbox 108 3218 182 3278; x_wconf 77' lang='grc' dir='ltr'><strong><em>κλεϊ</em></strong></span> <span class='ocrx_word' id='word_1_261' title='bbox 204 3207 333 3288; x_wconf 86' lang='grc' dir='ltr'><strong><em>ευθέως</em></strong></span> <span class='ocrx_word' id='word_1_262' title='bbox 356 3214 454 3295; x_wconf 89' lang='grc' dir='ltr'><strong><em>φίλος</em></strong></span> <span class='ocrx_word' id='word_1_263' title='bbox 475 3201 534 3294; x_wconf 79' lang='grc' dir='ltr'>ἦν,</span> <span class='ocrx_word' id='word_1_264' title='bbox 553 3207 716 3321; x_wconf 87' lang='grc' dir='ltr'><strong><em>Ἡρακλέα</em></strong></span> <span class='ocrx_word' id='word_1_265' title='bbox 739 3207 815 3277; x_wconf 66' lang='lat' dir='ltr'>‘lt‘</span> <span class='ocrx_word' id='word_1_266' title='bbox 798 3236 974 3320; x_wconf 92' lang='grc' dir='ltr'><strong><em>υφεωρατο</em></strong></span> <span class='ocrx_word' id='word_1_267' title='bbox 998 3212 1053 3280; x_wconf 81' lang='grc' dir='ltr'>καὶ</span> <span class='ocrx_word' id='word_1_268' title='bbox 1078 3210 1179 3280; x_wconf 85' lang='grc' dir='ltr'><strong><em>ουθα-</em></strong></span> 
     </span>
     <span class='ocr_line' id='line_1_35' title="bbox 108 3297 1181 3410; baseline 0.005 -44"><span class='ocrx_word' id='word_1_269' title='bbox 108 3326 177 3384; x_wconf 90' lang='grc' dir='ltr'><strong><em>μως</em></strong></span> <span class='ocrx_word' id='word_1_270' title='bbox 196 3321 372 3410; x_wconf 88' lang='grc' dir='ltr'><strong><em>ωκειουτο,</em></strong></span> <span class='ocrx_word' id='word_1_271' title='bbox 394 3297 595 3384; x_wconf 83' lang='grc' dir='ltr'><strong><em>προσέταττέ</em></strong></span> <span class='ocrx_word' id='word_1_272' title='bbox 615 3325 650 3366; x_wconf 88' lang='grc' dir='ltr'>τε</span> <span class='ocrx_word' id='word_1_273' title='bbox 673 3297 761 3389; x_wconf 75' lang='grc' dir='ltr'><strong><em>αὐτῷ</em></strong></span> <span class='ocrx_word' id='word_1_274' title='bbox 789 3325 868 3378; x_wconf 90' lang='grc' dir='ltr'><strong><em>τους</em></strong></span> <span class='ocrx_word' id='word_1_275' title='bbox 898 3299 1040 3387; x_wconf 83' lang='grc' dir='ltr'><strong><em>πόνους,</em></strong></span> <span class='ocrx_word' id='word_1_276' title='bbox 1070 3299 1181 3371; x_wconf 91' lang='grc' dir='ltr'><strong><em>ουστι·</em></strong></span> 
     </span>
     <span class='ocr_line' id='line_1_36' title="bbox 107 3365 1180 3481; baseline 0.004 -26"><span class='ocrx_word' id='word_1_277' title='bbox 107 3414 170 3467; x_wconf 88' lang='grc' dir='ltr'><strong><em>νας</em></strong></span> <span class='ocrx_word' id='word_1_278' title='bbox 193 3365 323 3467; x_wconf 79' lang='grc' dir='ltr'><strong><em>όθλους</em></strong></span> <span class='ocrx_word' id='word_1_279' title='bbox 345 3389 520 3472; x_wconf 84' lang='grc' dir='ltr'><strong><em>καλοῦμεν.</em></strong></span> <span class='ocrx_word' id='word_1_280' title='bbox 561 3385 595 3454; x_wconf 91' lang='lat' dir='ltr'><em>O</em></span> <span class='ocrx_word' id='word_1_281' title='bbox 623 3387 661 3456; x_wconf 68' lang='lat' dir='ltr'>dt</span> <span class='ocrx_word' id='word_1_282' title='bbox 684 3368 845 3473; x_wconf 81' lang='grc' dir='ltr'><strong><em>ἐπείθετο,</em></strong></span> <span class='ocrx_word' id='word_1_283' title='bbox 868 3391 913 3478; x_wconf 77' lang='grc' dir='ltr'><strong><em>τῷ</em></strong></span> <span class='ocrx_word' id='word_1_284' title='bbox 937 3391 1121 3481; x_wconf 80' lang='grc' dir='ltr'><strong><em>μαντείφ</em></strong></span> <span class='ocrx_word' id='word_1_285' title='bbox 1104 3391 1180 3459; x_wconf 87' lang='grc' dir='ltr'><strong><em>εττό-</em></strong></span> 
     </span>
     <span class='ocr_line' id='line_1_37' title="bbox 110 3456 1180 3566; baseline 0.003 -23"><span class='ocrx_word' id='word_1_286' title='bbox 110 3502 219 3563; x_wconf 86' lang='grc' dir='ltr'><strong><em>μενος</em></strong></span> <span class='ocrx_word' id='word_1_287' title='bbox 265 3477 397 3544; x_wconf 84' lang='lat' dir='ltr'>Partem</span> <span class='ocrx_word' id='word_1_288' title='bbox 421 3479 550 3562; x_wconf 84' lang='lat' dir='ltr'>oraculi,</span> <span class='ocrx_word' id='word_1_289' title='bbox 574 3502 654 3563; x_wconf 86' lang='lat' dir='ltr'>quae</span> <span class='ocrx_word' id='word_1_290' title='bbox 673 3479 852 3544; x_wconf 82' lang='lat' dir='ltr'>adnomen</span> <span class='ocrx_word' id='word_1_291' title='bbox 870 3456 1019 3547; x_wconf 86' lang='lat' dir='ltr'>Herculis</span> <span class='ocrx_word' id='word_1_292' title='bbox 1043 3486 1180 3566; x_wconf 84' lang='lat' dir='ltr'>spectat,</span> 
     </span>
     <span class='ocr_line' id='line_1_38' title="bbox 110 3565 1176 3654; baseline 0.003 -22"><span class='ocrx_word' id='word_1_293' title='bbox 110 3571 281 3633; x_wconf 84' lang='lat' dir='ltr'>servarunt</span> <span class='ocrx_word' id='word_1_294' title='bbox 266 3567 454 3632; x_wconf 89' lang='lat' dir='ltr'>tAelianus</span> <span class='ocrx_word' id='word_1_295' title='bbox 474 3565 550 3632; x_wconf 83' lang='lat' dir='ltr'>Ver.</span> <span class='ocrx_word' id='word_1_296' title='bbox 565 3567 650 3634; x_wconf 89' lang='lat' dir='ltr'>Hist.</span> <span class='ocrx_word' id='word_1_297' title='bbox 663 3569 696 3632; x_wconf 93' lang='lat' dir='ltr'>II</span> <span class='ocrx_word' id='word_1_298' title='bbox 720 3569 777 3651; x_wconf 93' lang='grc'>32,</span> <span class='ocrx_word' id='word_1_299' title='bbox 801 3567 880 3634; x_wconf 83' lang='lat' dir='ltr'>Tzet</span> <span class='ocrx_word' id='word_1_300' title='bbox 865 3573 931 3634; x_wconf 81' lang='lat' dir='ltr'>tues</span> <span class='ocrx_word' id='word_1_301' title='bbox 956 3571 996 3634; x_wconf 87' lang='lat' dir='ltr'>ed</span> <span class='ocrx_word' id='word_1_302' title='bbox 1014 3569 1126 3654; x_wconf 87' lang='lat' dir='ltr'>Lyoop</span> <span class='ocrx_word' id='word_1_303' title='bbox 1127 3570 1176 3635; x_wconf 88' lang='lat' dir='ltr'>hr.</span> 
     </span>
     <span class='ocr_line' id='line_1_39' title="bbox 110 3619 1177 3743; baseline 0.003 -21"><span class='ocrx_word' id='word_1_304' title='bbox 110 3658 191 3740; x_wconf 84' lang='lat'>633,</span> <span class='ocrx_word' id='word_1_305' title='bbox 228 3657 328 3723; x_wconf 86' lang='lat' dir='ltr'>schol.</span> <span class='ocrx_word' id='word_1_306' title='bbox 361 3654 456 3722; x_wconf 91' lang='lat' dir='ltr'>Hom.</span> <span class='ocrx_word' id='word_1_307' title='bbox 486 3655 523 3719; x_wconf 91' lang='lat' dir='ltr'>Il.</span> <span class='ocrx_word' id='word_1_308' title='bbox 559 3656 575 3736; x_wconf 84' lang='grc' dir='ltr'><strong>ξ</strong></span> <span class='ocrx_word' id='word_1_309' title='bbox 606 3658 684 3740; x_wconf 91' lang='grc'><strong><em>323,</em></strong></span> <span class='ocrx_word' id='word_1_310' title='bbox 716 3619 800 3722; x_wconf 71' lang='lat' dir='ltr'>Euit</span> <span class='ocrx_word' id='word_1_311' title='bbox 802 3659 909 3723; x_wconf 84' lang='lat' dir='ltr'>ethius</span> <span class='ocrx_word' id='word_1_312' title='bbox 949 3659 991 3722; x_wconf 89' lang='lat' dir='ltr'>ad</span> <span class='ocrx_word' id='word_1_313' title='bbox 1021 3657 1059 3722; x_wconf 93' lang='lat' dir='ltr'>Il.</span> <span class='ocrx_word' id='word_1_314' title='bbox 1094 3682 1110 3722; x_wconf 89' lang='grc' dir='ltr'><strong><em>ε</em></strong></span> <span class='ocrx_word' id='word_1_315' title='bbox 1144 3681 1177 3743; x_wconf 86' lang='lat' dir='ltr'>p.</span> 
     </span>
    </p>
   </div>
   <div class='ocr_carea' id='block_1_3' title="bbox 193 3865 1141 4045">
    <p class='ocr_par' dir='ltr' id='par_1_4' title="bbox 193 3865 1134 4045">
     <span class='ocr_line' id='line_1_40' title="bbox 193 3865 1039 3979; baseline 0 -45"><span class='ocrx_word' id='word_1_316' title='bbox 193 3865 341 3978; x_wconf 79' lang='grc' dir='ltr'><strong><em>Ἡρακλῆ</em></strong></span> <span class='ocrx_word' id='word_1_317' title='bbox 366 3870 406 3936; x_wconf 87' lang='lat' dir='ltr'>ds&#39;</span> <span class='ocrx_word' id='word_1_318' title='bbox 427 3887 463 3935; x_wconf 88' lang='grc' dir='ltr'><strong><em>σε</em></strong></span> <span class='ocrx_word' id='word_1_319' title='bbox 489 3874 614 3954; x_wconf 81' lang='grc' dir='ltr'><strong><em>Φοίβος</em></strong></span> <span class='ocrx_word' id='word_1_320' title='bbox 636 3867 813 3956; x_wconf 76' lang='grc' dir='ltr'><strong><em>ἐπώνυμον</em></strong></span> <span class='ocrx_word' id='word_1_321' title='bbox 837 3865 1039 3979; x_wconf 81' lang='grc' dir='ltr'><strong><em>έξονομοὶζει·</em></strong></span> 
     </span>
     <span class='ocr_line' id='line_1_41' title="bbox 193 3949 1141 4045; baseline 0.001 -22.009"><span class='ocrx_word' id='word_1_322' title='bbox 193 3949 279 4044; x_wconf 89' lang='grc' dir='ltr'>Ηρα</span> <span class='ocrx_word' id='word_1_323' title='bbox 302 3957 366 4045; x_wconf 79' lang='grc' dir='ltr'>γὰρ</span> <span class='ocrx_word' id='word_1_324' title='bbox 390 3953 602 4045; x_wconf 76' lang='grc' dir='ltr'><strong><em>ἀνθρώποισι</em></strong></span> <span class='ocrx_word' id='word_1_325' title='bbox 625 3959 738 4045; x_wconf 89' lang='grc' dir='ltr'><strong><em>φέρων</em></strong></span> <span class='ocrx_word' id='word_1_326' title='bbox 762 3959 857 4035; x_wconf 89' lang='grc' dir='ltr'><strong><em>κλέος</em></strong></span> <span class='ocrx_word' id='word_1_327' title='bbox 879 3955 1029 4042; x_wconf 86' lang='grc' dir='ltr'><strong><em>όιφθιτον</em></strong></span> <span class='ocrx_word' id='word_1_328' title='bbox 1052 3956 1141 4038; x_wconf 79' lang='grc' dir='ltr'><strong><em>ἕξεις.</em></strong></span> 
     </span>
    </p>
   </div>
   <div class='ocr_carea' id='block_1_4' title="bbox 109 4100 1182 4277">
    <p class='ocr_par' dir='ltr' id='par_1_5' title="bbox 109 4100 1182 4277">
     <span class='ocr_line' id='line_1_42' title="bbox 199 4100 1179 4186; baseline 0.001 -21"><span class='ocrx_word' id='word_1_329' title='bbox 199 4102 259 4165; x_wconf 87' lang='lat' dir='ltr'>Alt</span> <span class='ocrx_word' id='word_1_330' title='bbox 245 4105 316 4166; x_wconf 87' lang='lat' dir='ltr'>tera</span> <span class='ocrx_word' id='word_1_331' title='bbox 351 4105 400 4167; x_wconf 89' lang='lat' dir='ltr'>est</span> <span class='ocrx_word' id='word_1_332' title='bbox 432 4123 531 4186; x_wconf 86' lang='lat' dir='ltr'>eaque</span> <span class='ocrx_word' id='word_1_333' title='bbox 568 4123 747 4186; x_wconf 83' lang='lat' dir='ltr'>permagna</span> <span class='ocrx_word' id='word_1_334' title='bbox 781 4101 940 4167; x_wconf 89' lang='lat' dir='ltr'>dissensio</span> <span class='ocrx_word' id='word_1_335' title='bbox 974 4100 1013 4165; x_wconf 91' lang='lat' dir='ltr'>de</span> <span class='ocrx_word' id='word_1_336' title='bbox 1044 4123 1179 4167; x_wconf 90' lang='lat' dir='ltr'>numero</span> 
     </span>
     <span class='ocr_line' id='line_1_43' title="bbox 109 4189 1182 4277; baseline -0.001 -23"><span class='ocrx_word' id='word_1_337' title='bbox 109 4190 362 4277; x_wconf 89' lang='lat' dir='ltr'>nominibusque</span> <span class='ocrx_word' id='word_1_338' title='bbox 390 4191 531 4255; x_wconf 91' lang='lat' dir='ltr'>filiorum</span> <span class='ocrx_word' id='word_1_339' title='bbox 560 4191 718 4256; x_wconf 83' lang='lat' dir='ltr'>Herculis.</span> <span class='ocrx_word' id='word_1_340' title='bbox 768 4189 817 4254; x_wconf 88' lang='lat' dir='ltr'>De</span> <span class='ocrx_word' id='word_1_341' title='bbox 849 4191 900 4255; x_wconf 89' lang='lat' dir='ltr'>his</span> <span class='ocrx_word' id='word_1_342' title='bbox 934 4191 1103 4256; x_wconf 85' lang='lat' dir='ltr'>luculente</span> <span class='ocrx_word' id='word_1_343' title='bbox 1128 4192 1182 4254; x_wconf 84' lang='lat' dir='ltr'>est</span> 
     </span>
    </p>
   </div>
   <div class='ocr_carea' id='block_1_5' title="bbox 0 0 1264 4590">
    <p class='ocr_par' dir='ltr' id='par_1_6' title="bbox 0 0 1264 4590">
     <span class='ocr_line' id='line_1_44' title="bbox 0 0 1264 4590; baseline 0 0"><span class='ocrx_word' id='word_1_344' title='bbox 0 0 1264 4590; x_wconf 95' lang='lat' dir='ltr'> </span> 
     </span>
    </p>
   </div>
  </div>
 </body>
</html>
