2520 4590
436 280 675 348 HELENA.
1027 286 1066 346 47

141 457 178 527 τὸ
202 458 234 526 δ’
257 456 342 543 ἐμὸν
358 453 467 542 ὄνομα
486 456 578 543 παρὰ
597 459 814 541 Σιμουντίοις
829 456 938 543 ῥοαῖσι
1001 471 1062 534 250

134 563 311 653 μαψίδιον
338 564 401 644 ἔχει
425 558 540 647 φάτιν.

461 660 665 727 ΧΟΡΟΣ.

54 772 116 850 ἔχεις
140 768 203 848 μὲν
232 760 373 842 ἀλγείν’,
400 760 491 828 οἶδα·
519 761 695 850 σύμφορον
723 766 756 826 δὲ
780 783 831 827 σοι

55 863 86 944 ὥς
108 861 219 953 ῥᾷστα
251 862 446 945 τάναγκαῖα
473 865 532 929 τοῦ
558 865 633 947 βίον
660 870 781 950 φέρειν.

455 968 562 1030 ΕΛΕ
569 967 606 1030 Ν
612 967 669 1030 Η.·

59 1071 137 1188 pilot
162 1078 338 1150 γυναῖκες,
365 1072 430 1133 τίνι
459 1064 576 1150 πότμῳ
601 1063 797 1147 σονεζύγην;
1000 1078 1061 1140 ‘255

61 1168 94 1257 ιμ’
119 1165 139 1248 ἡ
165 1164 318 1236 τεκοῦσα
346 1165 375 1252 μ’
403 1173 510 1233 ἔτεκεν
537 1167 741 1252 ἀνθρώποις
766 1173 881 1253 τέραςς

64 1265 122 1354 γονὴ
150 1268 220 1355 γὰρ
253 1265 333 1334 οὔθ’
359 1266 507 1349 Ἑλληνὶς
533 1266 609 1334 οὕτε
634 1267 808 1354 βάρβαρος

67 1373 154 1456 τεῦχος
181 1373 337 1437 νεοσσῶν
364 1367 481 1436 λευκὸν
506 1367 719 1456 ἐκλοχεύεται,

70 1464 126 1556 lrpi
152 1499 196 1556 με
225 1467 354 1551 Λήδαν
370 1476 484 1563 ‘pauiu
508 1479 542 1536 ἐκ
568 1470 647 1547 Διὸς
673 1484 786 1537 τεκεῖν.

75 1583 132 1657 αγις
161 1572 232 1657 γὰρ
262 1569 280 1638 ὁ
307 1574 383 1655 βίος
407 1576 462 1638 καὶ
489 1572 529 1637 τοὶ
556 1571 720 1660 πράγματ’
751 1577 820 1638 ἐστι’
845 1596 913 1657 μοι,
1001 1583 1064 1649 260

112 1810 139 1860 V.
151 1809 217 1862 252.
230 1807 294 1862 253.
333 1809 420 1858 Habet
431 1807 598 1861 Stobaeue
609 1809 682 1860 rior.
696 1807 795 1859 CVIII.
807 1808 850 1862 22.
870 1805 888 1855 i.
906 1806 950 1859 ΙΙΙ.
967 1823 992 1873 p.
1003 1806 1064 1862 329.

111 1948 141 2001 V.
160 1946 227 1999 252.
268 1894 410 2012 repugnes
431 1946 455 2014 (e
478 1948 512 1998 ab
534 1949 567 1999 al.
591 1948 683 2012 menn)
702 1946 760 1996 Cod
779 1945 808 1996 G.
829 1942 968 2010 σύμφορον
991 1944 1063 1998 sto-

67 2016 154 2070 lteus.
185 2017 260 2066 Turn
289 2034 328 2066 τοι
352 2032 402 2082 pro
432 2031 474 2067 σοι
500 2019 580 2068 scribi
601 2018 687 2068 voluit
707 2017 738 2066 L.
757 2016 969 2079 Dindoriiue‚
987 2032 1064 2082 quem

66 2096 171 2151 secunus
190 2095 234 2136 est
254 2086 286 2139 G.
301 2088 520 2139 Hermenuua.
550 2088 613 2138 Non
626 2088 735 2137 multum
753 2087 839 2137 abluit
857 2087 921 2150 quin
939 2086 1065 2151 probaret

66 2154 230 2221 llluglrius
252 2158 285 2210 cl.
305 2175 330 2206 v.
349 2155 409 2210 747.

64 2333 110 2381 terit
132 2333 188 2382 hoc
216 2330 371 2394 exemplum
399 2344 458 2379 cum
475 2329 535 2378 eliia
584 2326 1063 2390 aut‚utl(irchhoiiiuevoluitndfio.

62 2401 198 2462 dicentis,
238 2414 311 2465 quae
336 2414 354 2449 a
382 2399 534 2448 nominibus
584 2395 659 2460 ιὲραε
694 2391 715 2444 δ’
757 2391 770 2444 ὁ
810 2395 902 2459 fluores
948 2387 1071 2449 scribon)

62 2475 157 2536 propriis
184 2474 271 2521 ducta
294 2483 378 2532 genua
398 2483 534 2518 commune
584 2469 646 2517 dum
677 2481 735 2516 esee
772 2467 897 2519 dicerent.
947 2468 980 2518 In
997 2470 1066 2519 hene

62 2540 156 2604 hbent,
176 2539 368 2591 Paesovius
393 2540 426 2587 de
448 2539 533 2589 Lexx.
584 2537 741 2586 sententiam
777 2538 924 2587 concedere
958 2539 1066 2589 minime

61 2613 118 2661 ard.
136 2619 190 2661 rat.
214 2627 242 2675 p.
263 2608 296 2663 51
317 2623 356 2673 aq.
379 2605 534 2657 PFLUGK.
584 2623 700 2670 possum.
751 2606 792 2654 Ea
823 2608 892 2655 enim
924 2616 965 2657 est
995 2610 1066 2658 ratio

59 2676 119 2731 lent
139 2696 228 2744 supra
248 2695 275 2733 v.
292 2677 341 2730 52:
361 2673 403 2726 tur
415 2675 535 2738 Σκαμαν-
584 2677 730 2740 particulae
749 2672 814 2740 γάρ,
832 2692 899 2739 quae
917 2692 950 2726 ex
969 2677 998 2741 γὲ
1016 2673 1066 2742 ἄρα

58 2744 124 2814 huic
142 2746 264 2815 ῥοαῖσιν.
283 2746 317 2797 Β.
336 2746 369 2797 Κ.
584 2746 731 2809 composita
759 2749 867 2808 proprie
897 2747 965 2796 nihil
994 2748 1066 2797 aliud

80 2821 189 2876 v.25,5.
228 2812 439 2881 συνεζύγην]
479 2817 534 2865 An·
585 2815 718 2879 significat
742 2816 794 2864 nisi
823 2822 911 2864 certe
945 2818 1066 2879 igitur,

57 2881 341 2977 finn.‚98:'otepdda
359 2902 384 2935 ιε
410 2881 456 2935 τὸν
470 2881 535 2966 ἐμὸν
585 2887 628 2934 vel
645 2899 723 2965 eane
741 2899 800 2946 pro
824 2886 924 2967 rebus
944 2900 1067 2949 compa·

57 2953 131 3084 tn
146 2955 534 3092 circinantur:
585 2954 1068 3089 κειμενοιἓιῖὶξεικι

57 3098 100 3159 plur
126 3100 203 3149 dixit
230 3096 387 3158 Belleropu
414 3095 447 3144 fr.
470 3094 535 3156 XX,
586 3095 666 3156 bique
692 3099 763 3142 reete
788 3095 853 3156 poni
874 3096 997 3158 potuerit.
1032 3096 1069 3145 nt

56 3165 84 3219 lt
99 3169 180 3236 [287,
191 3167 240 3220 10.
253 3183 280 3231 p.
290 3165 352 3218 352.
365 3165 406 3215 ed.
419 3163 535 3222 Nauck}
585 3165 670 3229 primo
698 3165 802 3227 quidem
829 3165 888 3214 loco
913 3180 961 3228 per
990 3166 1069 3215 istam

57 3250 91 3288 tte
124 3241 223 3290 aliene
262 3237 378 3286 fortasse
418 3234 451 3283 ab
486 3233 537 3282 huc
587 3233 744 3298 particulam
781 3235 847 3283 illud
882 3234 1068 3296 introducitur,

57 3306 159 3373 ‘ungine
182 3303 283 3368 μάστιξ
304 3304 356 3354 Die
380 3304 481 3353 tributa
504 3303 536 3352 ab
587 3303 658 3367 qnod
691 3303 725 3351 ob
760 3311 866 3370 partum
892 3305 1012 3354 Helenae
1036 3318 1069 3354 ex

57 3378 224 3441 Aeschylo
254 3382 280 3425 et
301 3372 482 3437 Sophocle.
507 3372 536 3420 V.
588 3389 639 3423 ovo
659 3379 733 3422 ortae
752 3374 867 3439 portenti
886 3375 1069 3430 rationem,nt

57 3443 251 3500 llomtield.
267 3441 537 3507 Glndugamoat.
586 3447 626 3493 ita
660 3444 758 3503 dicam,
790 3451 926 3495 externam
959 3445 1071 3494 reddere

56 3512 197 3567 lrinrdt.
212 3517 254 3566 ad
267 3511 537 3577 Soph.Autig.598.
589 3515 697 3573 debeat,
716 3516 788 3577 quod
806 3514 880 3563 nulla
897 3515 950 3565 alia
965 3514 1071 3573 mulier,

57 3582 205 3638 mnan.
590 3585 646 3633 eive
683 3581 802 3634 Graecae
844 3584 901 3634 eive
942 3583 1071 3633 barbarae

78 3656 110 3708 V.
130 3656 188 3710 257
209 3669 273 3717 sqq.
315 3646 383 3716 γονὴ
406 3647 456 3716 γὰρ
475 3645 538 3700 οὔθ’
589 3654 679 3717 stirpis
712 3655 792 3704 simili
810 3655 903 3703 ¹modo
937 3651 1072 3717 peperisse

57 3714 157 3791 Ἑλληνὶς
187 3722 256 3774 οὔτε
286 3717 424 3786 βάρβαροι
450 3721 539 3783 τεῦχος
589 3725 710 3772 videatur
741 3732 822 3789 etque
850 3724 933 3773 Lede.
976 3721 1071 3768 Altero

58 3794 94 3844 ια’.
135 3794 234 3855 Quum
264 3806 344 3841 nemo
373 3794 539 3854 superiorum
588 3800 677 3842 eutem
694 3793 753 3843 loco
772 3809 820 3857 per
842 3789 891 3858 γὰρ
916 3789 1073 3854 partientem

58 3862 131 3915 iuliis
150 3864 250 3913 verbis
272 3859 438 3922 offendisset,
456 3876 540 3925 nuper
588 3863 654 3912 illud
687 3863 814 3923 infertur,
844 3860 916 3926 quod
951 3873 1006 3907 non
1038 3859 1073 3908 sd

58 3929 228 3984 Badhamo
242 3936 354 3981 auctore
364 3930 539 3981 Kirchlroi-
590 3940 727 3982 externum
735 3934 1073 3994 Helenaepartum,rerum

59 4000 111 4054 llus
139 3999 380 4054 etNauckiue
405 4001 538 4051 hocloco
590 4004 624 4052 ed
662 4004 747 4066 ipsam
784 4003 855 4050 vitae
890 3999 1073 4049 condicionem

60 4071 77 4121 ii
105 4075 225 4138 repetite
261 4071 395 4135 puniens
427 4065 477 4134 γὰρ
502 4072 541 4120 ita
589 4073 734 4137 pertineat,
765 4071 836 4119 unde
866 4070 1015 4133 suspicetur
1045 4082 1074 4117 se

61 4139 264 4203 hesitaverunt,
273 4145 304 4190 ut
315 4138 538 4193 venerant-259.
590 4157 647 4190 cunr
673 4141 733 4204 ipsa
750 4140 854 4204 origiue
872 4154 921 4192 sne
937 4140 1012 4194 ritae
1026 4138 1079 4191 rui·

63 4213 212 4264 mittendos
249 4225 311 4261 ecte
344 4210 531 4273 existimrenr,
582 4225 659 4260 serae
683 4217 711 4259 et
726 4220 835 4276 praeter
853 4212 1003 4269 lin-anm
1021 4226 1088 4265 son·
