2520 4590
59 198 79 262 ss
500 198 689 252 nuaunms

56 357 229 510 stt?
246 355 930 529 tlthllttdtltttlttllt.
943 361 1135 522 matth

58 534 188 620 cognito
212 534 398 599 discrimine
422 534 484 599 etsi
507 534 634 598 animus
662 533 725 597 fuit
748 534 860 598 statim
884 535 1021 619 aggredi
1045 557 1132 620 eum,

58 645 163 707 aquo
191 624 295 707 petita
321 623 434 687 domus
464 622 591 687 insidiis
620 621 740 705 fuerat,
768 625 879 687 tamen
908 624 1008 688 cessit
1033 624 1131 709 patri,

57 714 130 776 tuta
152 713 308 777 celeribus
332 712 475 776 consiliis
499 711 723 775 antehabenda
746 732 817 776 esse
840 712 1005 796 monenti,
1027 714 1130 779 intra·

57 801 168 885 vitque
201 822 272 865 cum
306 801 456 865 omnibus
484 799 629 879 domum,
662 800 739 865 deos
771 799 911 865 Penates
945 823 984 867 ex
1012 802 1131 869 itinere

56 892 253 953 veneratum.
298 888 394 953 Redit
421 911 496 952 mox
523 888 631 972 Lycus
660 911 734 953 cum
762 889 974 969 satellitibus,
998 913 1131 957 moran·

56 980 198 1062 temque,
221 981 259 1042 ut
280 978 513 1060 arbitrabatur,
537 977 731 1060 supplicium
759 977 926 1063 Megaram
955 979 1130 1047 educturus

56 1088 129 1131 cum
151 1067 245 1131 tectis
270 1065 485 1149 successisset,
509 1067 550 1130 ab
574 1065 712 1131 Hercule
737 1065 990 1153 obtruncatur¹).

147 1153 209 1219 sed
232 1159 301 1219 tam
324 1155 427 1219 laetas
450 1177 501 1219 res
524 1155 640 1239 ingens
669 1159 842 1220 consecuta
869 1159 919 1221 est
947 1157 1129 1225 calamitas

55 1241 160 1307 Adest
183 1244 270 1308 enim
292 1243 427 1308 Iunonis
452 1245 566 1326 missu,
593 1243 679 1308 Iride
707 1244 896 1333 deducente,
926 1244 1034 1329 Lyssa
1060 1247 1130 1314 sive

56 1330 191 1397 Insania
213 1329 317 1419 Dea2)
345 1333 496 1416 iussaque
519 1354 675 1398 novercae
699 1337 890 1398 exsecutura
917 1334 1052 1399 domum
1080 1336 1129 1403 in-

57 1421 211 1506 greditur.
265 1421 379 1506 Itaque
408 1421 578 1505 Hercules,
606 1444 679 1486 cum
711 1421 843 1487 domum
874 1424 997 1488 recenti
1031 1424 1130 1491 caede

55 1513 224 1595 purgaret,
259 1511 366 1575 media
401 1511 487 1575 inter
524 1533 614 1576 sacra
642 1533 777 1595 arasque
809 1514 900 1576 mota
928 1515 1052 1598 mente,
1090 1517 1129 1578 ut

56 1598 235 1683 Eurysthei
271 1599 356 1665 filios
390 1601 438 1664 ita
471 1622 546 1664 suos
582 1621 780 1684 uxoremque
816 1601 945 1686 sagittis
978 1602 1129 1688 confixit3

57 1687 185 1772 iamque
213 1688 301 1753 aliud
328 1689 362 1753 in
390 1693 517 1773 patrem
544 1689 647 1752 telum
676 1690 826 1772 parabat,
852 1690 887 1754 ni
914 1712 988 1754 eum
1017 1691 1129 1759 subito

58 1776 231 1841 adveniens
263 1776 409 1841 Minerva
436 1778 581 1842 coniecto
610 1778 646 1841 in
672 1781 786 1860 pectus
814 1779 941 1863 ingenti
974 1802 1054 1845 saxo
1080 1805 1130 1847 ar·

57 1865 185 1929 auisset,
235 1861 334 1930 Cuius
368 1866 435 1931 ictu
472 1888 545 1930 cum
582 1870 667 1930 esset
702 1867 908 1951 resupinatus
941 1872 975 1931 et
1011 1888 1130 1954 sopore

57 1975 245 2037 oppressus,
277 1954 348 2018 ausi
378 1955 540 2038 accedere,
573 1956 628 2038 qui
664 1956 775 2038 pavidi
809 1960 883 2021 ante
920 1956 1129 2046 diffirgerant,

58 2043 143 2106 servi
160 2042 294 2107 hortatu
309 2043 556 2127 Amphitryonis
575 2044 711 2109 vinculis
731 2045 942 2110 constrictum
957 2047 1128 2113 columnae

56 2130 202 2215 alligant.
248 2130 325 2195 Mox
347 2130 473 2195 reddita
495 2136 602 2196 mente
625 2154 696 2196 cum
723 2156 794 2199 eum
812 2155 882 2197 rem
901 2156 1031 2199 omnem
1049 2135 1129 2201 Am-

56 2219 190 2303 phitryo
215 2220 406 2298 edocuisset,
429 2242 496 2284 non
518 2221 652 2285 vitalem
681 2222 744 2286 sibi
771 2223 873 2287 vitam
896 2226 972 2306 post
994 2227 1128 2290 tantum

57 2308 161 2372 scelus
183 2312 283 2392 ratus,
306 2309 463 2393 impetum
486 2310 571 2393 cepit
595 2311 761 2376 moriendi.
808 2310 877 2386 Quo
897 2312 1028 2395 quidem
1046 2317 1127 2378 tem·

56 2419 134 2480 pore
171 2403 352 2482 opportune
383 2398 512 2462 advenit
539 2398 697 2482 Theseus,
727 2400 814 2465 illius
842 2401 998 2467 beneficio
1028 2405 1126 2469 modo

55 2485 212 2550 liberatus
237 2509 275 2551 ex
303 2486 428 2569 inferis,
458 2487 513 2571 qui
536 2493 701 2573 comperto
730 2489 852 2574 Lycum
877 2491 1051 2573 imperium
1078 2494 1126 2558 in·

56 2575 179 2639 vasisse
208 2578 240 2639 et
271 2579 393 2640 struere
424 2577 559 2640 exitium
587 2577 737 2642 Herculis
765 2578 920 2663 familiae,
948 2581 1126 2646 exercitum

54 2663 174 2728 finibus
207 2663 435 2728 Thebanorum
471 2664 669 2750 admoverat,
712 2668 935 2750 prohibiturus
972 2669 1126 2736 iniuriam

57 2756 114 2817 aut
144 2753 244 2818 armis
277 2754 503 2818 vindicaturus.
549 2753 612 2819 Hic
645 2758 678 2818 et
711 2757 819 2820 verbis
855 2758 956 2820 erexit
983 2758 1124 2824 fractum

56 2841 230 2908 Herculem
254 2843 477 2926 abiectumque
501 2842 625 2929 dolore,
648 2850 680 2908 et
703 2846 832 2929 expiata
855 2845 950 2910 caede
973 2847 1007 2910 in
1030 2852 1124 2931 parte

55 2931 262 2996 fortunarum
300 2955 430 2997 suarum
477 2934 709 2998 collocaturum
743 2934 921 3018 pollicitus,
957 2935 1123 3020 lugentem

55 3021 293 3105 liberorumque
317 3026 349 3087 et
371 3022 480 3085 uxoris
501 3024 701 3105 sepulturam
719 3021 949 3107 Amphitryoni
967 3026 1123 3090 mandan-

54 3111 123 3172 tem
148 3131 257 3173 secum
280 3110 421 3174 abduxit.
466 3109 529 3175 Hic
557 3115 607 3176 est
635 3113 737 3176 exitus
765 3112 894 3176 fabulae
917 3111 1122 3197 Euripideae,

56 3218 119 3279 quo
152 3219 225 3261 mea
258 3198 387 3279 quidem
419 3202 582 3265 sententia
618 3201 748 3285 gravior
785 3200 1048 3285 splendidiorque
1083 3225 1122 3267 ne

56 3286 195 3371 cogitari
224 3286 351 3368 quidem
380 3290 503 3371 potest,
531 3312 592 3354 nec
621 3290 701 3353 mihi
729 3290 833 3353 maior
862 3311 1005 3373 unquam
1032 3292 1121 3356 visus

55 3382 106 3440 est
128 3373 283 3438 Hercules
307 3395 403 3456 quam
427 3397 500 3440 cum
524 3400 557 3442 se
580 3379 649 3462 ipsc
673 3377 799 3442 devicit.

146 3462 208 3528 Sed
232 3464 383 3546 quoniam
412 3466 507 3529 nobis
535 3488 602 3530 non
628 3467 759 3530 laudare
788 3466 976 3550 Euripidem
1004 3491 1121 3553 propo-

56 3553 156 3618 situm
194 3556 255 3635 est,
293 3551 333 3615 ad
369 3552 427 3616 illa
463 3557 719 3637 praevertemur,
756 3577 837 3638 quae
870 3556 909 3620 de
941 3560 1122 3622 ceterorum

55 3643 249 3727 scriptorum
282 3640 481 3705 dissensione
519 3643 652 3708 dicenda
689 3649 772 3708 sunt.
831 3647 881 3708 Ac
911 3645 1054 3727 primum
1083 3647 1121 3710 de

130 3834 150 3902 ¹)
170 3834 259 3889 Simul
276 3833 390 3904 periisse
408 3849 522 3887 uxorem
545 3835 614 3904 Lyci
636 3837 725 3891 tradit
748 3837 834 3892 schol.
854 3837 934 3891 Hom.
955 3837 1005 3891 od.
1026 3842 1041 3891 λ
1060 3844 1120 3905 269,

54 3903 158 3958 liberos
178 3923 288 3975 quoque
308 3905 387 3960 addit
404 3905 575 3958 Eustathius.

129 3974 150 4041 ⁹)
169 3975 229 4040 Qua
246 3977 323 4046 prior
340 3977 370 4030 in
389 3975 511 4030 Xantriis
530 3976 685 4046 Aeschylus
704 3979 805 4032 furoris
830 3978 971 4033 obiciendi
993 3979 1121 4034 ministra

55 4063 122 4099 usus
140 4046 244 4100 fuerat:
270 4048 325 4101 vid.
349 4048 448 4117 fragm.
474 4054 523 4102 163
547 4047 655 4103 Nauck.
692 4049 844 4119 Boettiger.
868 4049 894 4104 d.
919 4048 1119 4104 Furienmaske

55 4135 82 4186 p.
102 4121 144 4170 59.
181 4118 302 4172 Boeckh.
323 4119 357 4174 de
375 4137 415 4189 gr.
435 4122 506 4188 trag.
526 4119 611 4190 princ.
631 4138 657 4190 p.
677 4126 711 4174 29
732 4138 771 4188 sq.
809 4119 947 4175 Welcker.
972 4122 999 4174 d.
1018 4123 1118 4177 Aesch.

55 4187 161 4257 Trilog.
179 4206 206 4257 p.
226 4194 277 4242 331
297 4207 357 4257 sqq.
