<?xml version="1.0" encoding="UTF-8"?>
<!DOCTYPE html PUBLIC "-//W3C//DTD XHTML 1.0 Transitional//EN"
    "http://www.w3.org/TR/xhtml1/DTD/xhtml1-transitional.dtd">
<html xmlns="http://www.w3.org/1999/xhtml" xml:lang="en" lang="en">
 <head>
  <title>
</title>
<meta http-equiv="Content-Type" content="text/html;charset=utf-8" />
  <meta name='ocr-system' content='tesseract 3.04.00' />
  <meta name='ocr-capabilities' content='ocr_page ocr_carea ocr_par ocr_line ocrx_word'/>
</head>
<body>
  <div class='ocr_page' id='page_1' title='image "./euripidistragoe00pflugoog_0180.png"; bbox 0 0 2520 4590; ppageno 0'>
   <div class='ocr_carea' id='block_1_1' title="bbox 402 282 643 350">
    <p class='ocr_par' dir='ltr' id='par_1_1' title="bbox 402 282 643 350">
     <span class='ocr_line' id='line_1_1' title="bbox 402 282 643 350; baseline 0.008 -2"><span class='ocrx_word' id='word_1_1' title='bbox 402 282 643 350; x_wconf 68' lang='lat' dir='ltr'><strong>mundun.</strong></span> 
     </span>
    </p>
   </div>
   <div class='ocr_carea' id='block_1_2' title="bbox 223 464 634 713">
    <p class='ocr_par' dir='ltr' id='par_1_2' title="bbox 223 464 634 713">
     <span class='ocr_line' id='line_1_2' title="bbox 286 464 620 531; baseline 0.024 -10"><span class='ocrx_word' id='word_1_2' title='bbox 286 490 338 521; x_wconf 86' lang='lat'><em>·.-·</em></span> <span class='ocrx_word' id='word_1_3' title='bbox 424 465 460 528; x_wconf 86' lang='grc' dir='ltr'><strong><em>Χ</em></strong></span> <span class='ocrx_word' id='word_1_4' title='bbox 467 464 620 531; x_wconf 76' lang='grc' dir='ltr'><strong><em>ΟΡΟΣ.</em></strong></span> 
     </span>
     <span class='ocr_line' id='line_1_3' title="bbox 444 557 603 626; baseline 0.019 -18"><span class='ocrx_word' id='word_1_5' title='bbox 444 557 546 626; x_wconf 77' lang='grc' dir='ltr'><em>στροφὴ</em></span> <span class='ocrx_word' id='word_1_6' title='bbox 570 559 603 611; x_wconf 85' lang='grc' dir='ltr'><strong>α’.</strong></span> 
     </span>
     <span class='ocr_line' id='line_1_4' title="bbox 223 624 634 713; baseline 0.01 -17"><span class='ocrx_word' id='word_1_7' title='bbox 223 634 387 699; x_wconf 73' lang='grc' dir='ltr'><strong><em>φοίνισσα</em></strong></span> <span class='ocrx_word' id='word_1_8' title='bbox 415 632 584 713; x_wconf 74' lang='grc' dir='ltr'><strong><em>Σιδωνιὰς</em></strong></span> <span class='ocrx_word' id='word_1_9' title='bbox 609 624 634 700; x_wconf 82' lang='grc' dir='ltr'><em>ὦ</em></span> 
     </span>
    </p>
   </div>
   <div class='ocr_carea' id='block_1_3' title="bbox 73 2590 1034 3510">
    <p class='ocr_par' dir='ltr' id='par_1_3' title="bbox 73 2590 1034 3510">
     <span class='ocr_line' id='line_1_5' title="bbox 73 2590 1034 2675; baseline 0.007 -20"><span class='ocrx_word' id='word_1_10' title='bbox 73 2619 167 2667; x_wconf 70' lang='grc' dir='ltr'>γωιιοοε</span> <span class='ocrx_word' id='word_1_11' title='bbox 195 2623 289 2657; x_wconf 83' lang='lat' dir='ltr'><strong>verens</strong></span> <span class='ocrx_word' id='word_1_12' title='bbox 308 2590 395 2657; x_wconf 72' lang='lat' dir='ltr'><strong>huius</strong></span> <span class='ocrx_word' id='word_1_13' title='bbox 422 2607 627 2672; x_wconf 81' lang='lat' dir='ltr'><strong>carminisque</strong></span> <span class='ocrx_word' id='word_1_14' title='bbox 655 2606 743 2661; x_wconf 84' lang='lat' dir='ltr'><strong>miuus</strong></span> <span class='ocrx_word' id='word_1_15' title='bbox 771 2605 865 2659; x_wconf 81' lang='lat' dir='ltr'><strong>fallere</strong></span> <span class='ocrx_word' id='word_1_16' title='bbox 886 2624 1034 2675; x_wconf 82' lang='lat' dir='ltr'><strong>quenquam</strong></span> 
     </span>
     <span class='ocr_line' id='line_1_6' title="bbox 73 2676 1034 2740; baseline 0.006 -16"><span class='ocrx_word' id='word_1_17' title='bbox 73 2690 100 2724; x_wconf 75' lang='lat' dir='ltr'><strong>ase</strong></span> <span class='ocrx_word' id='word_1_18' title='bbox 113 2678 287 2740; x_wconf 69' lang='lat' dir='ltr'><strong>arbitramur,</strong></span> <span class='ocrx_word' id='word_1_19' title='bbox 306 2691 337 2727; x_wconf 90' lang='lat' dir='ltr'><strong>eo</strong></span> <span class='ocrx_word' id='word_1_20' title='bbox 361 2677 467 2726; x_wconf 74' lang='lat' dir='ltr'><strong>{acilius</strong></span> <span class='ocrx_word' id='word_1_21' title='bbox 489 2678 593 2727; x_wconf 84' lang='lat' dir='ltr'><strong>veniam</strong></span> <span class='ocrx_word' id='word_1_22' title='bbox 616 2676 717 2735; x_wconf 81' lang='lat' dir='ltr'><strong>dabunt</strong></span> <span class='ocrx_word' id='word_1_23' title='bbox 734 2678 847 2729; x_wconf 84' lang='lat' dir='ltr'><strong>lectores</strong></span> <span class='ocrx_word' id='word_1_24' title='bbox 865 2681 1034 2731; x_wconf 74' lang='lat' dir='ltr'><strong>enarratione</strong></span> 
     </span>
     <span class='ocr_line' id='line_1_7' title="bbox 73 2744 1033 2814; baseline 0.007 -21"><span class='ocrx_word' id='word_1_25' title='bbox 73 2750 158 2796; x_wconf 88' lang='lat' dir='ltr'><strong>trorum</strong></span> <span class='ocrx_word' id='word_1_26' title='bbox 188 2747 389 2810; x_wconf 79' lang='lat' dir='ltr'><strong>supersedendi.</strong></span> <span class='ocrx_word' id='word_1_27' title='bbox 407 2808 410 2813; x_wconf 87' lang='lat'><em>.</em></span> <span class='ocrx_word' id='word_1_28' title='bbox 431 2744 500 2796; x_wconf 90' lang='lat' dir='ltr'><strong>Sunt</strong></span> <span class='ocrx_word' id='word_1_29' title='bbox 525 2753 613 2797; x_wconf 83' lang='lat' dir='ltr'><strong>tamen</strong></span> <span class='ocrx_word' id='word_1_30' title='bbox 626 2747 760 2797; x_wconf 41' lang='lat' dir='ltr'><strong>*nonnulli</strong></span> <span class='ocrx_word' id='word_1_31' title='bbox 786 2748 853 2810; x_wconf 88' lang='lat' dir='ltr'><strong>ioci,</strong></span> <span class='ocrx_word' id='word_1_32' title='bbox 881 2750 910 2798; x_wconf 91' lang='lat' dir='ltr'><strong>in</strong></span> <span class='ocrx_word' id='word_1_33' title='bbox 937 2751 1033 2814; x_wconf 84' lang='lat' dir='ltr'><strong>quibua</strong></span> 
     </span>
     <span class='ocr_line' id='line_1_8' title="bbox 73 2817 1034 2881; baseline 0.007 -17"><span class='ocrx_word' id='word_1_34' title='bbox 73 2824 117 2866; x_wconf 86' lang='lat' dir='ltr'><strong>arta</strong></span> <span class='ocrx_word' id='word_1_35' title='bbox 133 2819 204 2867; x_wconf 90' lang='lat' dir='ltr'><strong>ratio</strong></span> <span class='ocrx_word' id='word_1_36' title='bbox 223 2817 412 2879; x_wconf 77' lang='lat' dir='ltr'><strong>descriptionis</strong></span> <span class='ocrx_word' id='word_1_37' title='bbox 431 2830 490 2875; x_wconf 83' lang='lat' dir='ltr'><strong>ease</strong></span> <span class='ocrx_word' id='word_1_38' title='bbox 507 2817 641 2867; x_wconf 76' lang='lat' dir='ltr'><strong>videatur:</strong></span> <span class='ocrx_word' id='word_1_39' title='bbox 657 2818 704 2880; x_wconf 87' lang='lat' dir='ltr'><strong>qui</strong></span> <span class='ocrx_word' id='word_1_40' title='bbox 722 2818 774 2867; x_wconf 93' lang='lat' dir='ltr'><strong>loci</strong></span> <span class='ocrx_word' id='word_1_41' title='bbox 794 2832 875 2881; x_wconf 90' lang='lat' dir='ltr'><strong>quum</strong></span> <span class='ocrx_word' id='word_1_42' title='bbox 891 2820 1034 2871; x_wconf 84' lang='lat' dir='ltr'><strong>maximam</strong></span> 
     </span>
     <span class='ocr_line' id='line_1_9' title="bbox 74 2885 1033 2950; baseline 0.005 -16"><span class='ocrx_word' id='word_1_43' title='bbox 74 2891 116 2935; x_wconf 87' lang='lat' dir='ltr'><strong>tem</strong></span> <span class='ocrx_word' id='word_1_44' title='bbox 143 2887 268 2937; x_wconf 90' lang='lat' dir='ltr'><strong>lectionis</strong></span> <span class='ocrx_word' id='word_1_45' title='bbox 294 2886 447 2950; x_wconf 84' lang='lat' dir='ltr'><strong>corruptela</strong></span> <span class='ocrx_word' id='word_1_46' title='bbox 474 2885 597 2937; x_wconf 82' lang='lat' dir='ltr'><strong>laborare</strong></span> <span class='ocrx_word' id='word_1_47' title='bbox 625 2887 780 2948; x_wconf 80' lang='lat' dir='ltr'><strong>rideantur,</strong></span> <span class='ocrx_word' id='word_1_48' title='bbox 806 2886 908 2936; x_wconf 87' lang='lat' dir='ltr'><strong>dicetur</strong></span> <span class='ocrx_word' id='word_1_49' title='bbox 935 2889 968 2937; x_wconf 91' lang='lat' dir='ltr'><strong>de</strong></span> <span class='ocrx_word' id='word_1_50' title='bbox 990 2889 1033 2939; x_wconf 86' lang='lat' dir='ltr'><strong>hia</strong></span> 
     </span>
     <span class='ocr_line' id='line_1_10' title="bbox 73 2955 1034 3020; baseline 0.003 -15"><span class='ocrx_word' id='word_1_51' title='bbox 73 2957 154 3007; x_wconf 86' lang='lat' dir='ltr'><strong>adnot.</strong></span> <span class='ocrx_word' id='word_1_52' title='bbox 173 2957 232 3007; x_wconf 86' lang='lat' dir='ltr'><strong>crit.</strong></span> <span class='ocrx_word' id='word_1_53' title='bbox 252 2955 386 3018; x_wconf 76' lang='lat' dir='ltr'><strong>strophae</strong></span> <span class='ocrx_word' id='word_1_54' title='bbox 403 2955 502 3018; x_wconf 86' lang='lat' dir='ltr'><strong>prioris</strong></span> <span class='ocrx_word' id='word_1_55' title='bbox 520 2972 545 3004; x_wconf 83' lang='lat' dir='ltr'><strong>v.</strong></span> <span class='ocrx_word' id='word_1_56' title='bbox 565 2955 590 3009; x_wconf 81' lang='lat'><strong>9.</strong></span> <span class='ocrx_word' id='word_1_57' title='bbox 614 2957 637 3006; x_wconf 88' lang='lat' dir='ltr'><strong>si</strong></span> <span class='ocrx_word' id='word_1_58' title='bbox 661 2957 826 3020; x_wconf 83' lang='lat' dir='ltr'><strong>compositus</strong></span> <span class='ocrx_word' id='word_1_59' title='bbox 848 2963 888 3005; x_wconf 87' lang='lat' dir='ltr'><strong>est</strong></span> <span class='ocrx_word' id='word_1_60' title='bbox 909 2970 942 3007; x_wconf 84' lang='lat' dir='ltr'><strong>ax</strong></span> <span class='ocrx_word' id='word_1_61' title='bbox 964 2959 1034 3009; x_wconf 82' lang='lat' dir='ltr'><strong>anti·</strong></span> 
     </span>
     <span class='ocr_line' id='line_1_11' title="bbox 73 3023 1033 3090; baseline 0.004 -15"><span class='ocrx_word' id='word_1_62' title='bbox 73 3034 106 3075; x_wconf 77' lang='lat' dir='ltr'><strong>sto</strong></span> <span class='ocrx_word' id='word_1_63' title='bbox 123 3034 150 3075; x_wconf 88' lang='lat' dir='ltr'><strong>et</strong></span> <span class='ocrx_word' id='word_1_64' title='bbox 168 3025 378 3090; x_wconf 78' lang='lat' dir='ltr'><strong>penthemimere</strong></span> <span class='ocrx_word' id='word_1_65' title='bbox 392 3024 519 3082; x_wconf 85' lang='lat' dir='ltr'><strong>iambica,</strong></span> <span class='ocrx_word' id='word_1_66' title='bbox 538 3024 572 3075; x_wconf 86' lang='lat' dir='ltr'><strong>cf.</strong></span> <span class='ocrx_word' id='word_1_67' title='bbox 591 3025 697 3078; x_wconf 63' lang='lat' dir='ltr'><strong>Herm.</strong></span> <span class='ocrx_word' id='word_1_68' title='bbox 715 3023 839 3089; x_wconf 61' lang='lat' dir='ltr'><strong>p‚‚,230‚‚</strong></span> <span class='ocrx_word' id='word_1_69' title='bbox 858 3028 1033 3090; x_wconf 83' lang='lat' dir='ltr'><strong>corrigendus</strong></span> 
     </span>
     <span class='ocr_line' id='line_1_12' title="bbox 79 3089 1033 3161; baseline 0.005 -16"><span class='ocrx_word' id='word_1_70' title='bbox 79 3096 298 3159; x_wconf 77' lang='lat' dir='ltr'><strong>antistrophicus:</strong></span> <span class='ocrx_word' id='word_1_71' title='bbox 317 3093 392 3144; x_wconf 73' lang='grc' dir='ltr'><strong><em>ἔκανε</em></strong></span> <span class='ocrx_word' id='word_1_72' title='bbox 413 3092 513 3156; x_wconf 66' lang='grc' dir='ltr'><em>Φοῖβος</em></span> <span class='ocrx_word' id='word_1_73' title='bbox 540 3093 759 3161; x_wconf 73' lang='grc' dir='ltr'><strong>γαίᾳΛακαίνᾳΙ</strong></span> <span class='ocrx_word' id='word_1_74' title='bbox 781 3089 809 3142; x_wconf 72' lang='grc' dir='ltr'><strong>δὲ</strong></span> <span class='ocrx_word' id='word_1_75' title='bbox 825 3093 853 3156; x_wconf 77' lang='grc' dir='ltr'><strong>β.</strong></span> <span class='ocrx_word' id='word_1_76' title='bbox 872 3090 897 3146; x_wconf 76' lang='lat' dir='ltr'><strong>d.</strong></span> <span class='ocrx_word' id='word_1_77' title='bbox 931 3097 974 3148; x_wconf 90' lang='lat' dir='ltr'><strong>De</strong></span> <span class='ocrx_word' id='word_1_78' title='bbox 993 3099 1033 3150; x_wconf 86' lang='lat' dir='ltr'><strong>al·</strong></span> 
     </span>
     <span class='ocr_line' id='line_1_13' title="bbox 73 3162 1032 3229; baseline 0.008 -15"><span class='ocrx_word' id='word_1_79' title='bbox 73 3181 96 3216; x_wconf 87' lang='lat' dir='ltr'><strong>ns</strong></span> <span class='ocrx_word' id='word_1_80' title='bbox 114 3166 242 3229; x_wconf 81' lang='lat' dir='ltr'><strong>strophae</strong></span> <span class='ocrx_word' id='word_1_81' title='bbox 259 3181 285 3213; x_wconf 89' lang='lat' dir='ltr'><strong>v.</strong></span> <span class='ocrx_word' id='word_1_82' title='bbox 305 3162 331 3215; x_wconf 85' lang='lat'><strong>4.</strong></span> <span class='ocrx_word' id='word_1_83' title='bbox 348 3166 407 3215; x_wconf 85' lang='lat' dir='ltr'><strong>sive</strong></span> <span class='ocrx_word' id='word_1_84' title='bbox 423 3180 448 3212; x_wconf 83' lang='lat' dir='ltr'><strong>v·</strong></span> <span class='ocrx_word' id='word_1_85' title='bbox 462 3162 540 3225; x_wconf 80' lang='lat'>1481.</span> <span class='ocrx_word' id='word_1_86' title='bbox 559 3171 590 3219; x_wconf 83' lang='lat' dir='ltr'><strong>et</strong></span> <span class='ocrx_word' id='word_1_87' title='bbox 606 3165 653 3228; x_wconf 85' lang='lat' dir='ltr'><strong>qui</strong></span> <span class='ocrx_word' id='word_1_88' title='bbox 669 3164 732 3215; x_wconf 85' lang='lat' dir='ltr'><strong>huic</strong></span> <span class='ocrx_word' id='word_1_89' title='bbox 749 3165 895 3227; x_wconf 71' lang='lat' dir='ltr'><strong>respondet</strong></span> <span class='ocrx_word' id='word_1_90' title='bbox 911 3183 935 3216; x_wconf 85' lang='lat' dir='ltr'><strong>v.</strong></span> <span class='ocrx_word' id='word_1_91' title='bbox 954 3167 1032 3221; x_wconf 77' lang='lat'>1498.</span> 
     </span>
     <span class='ocr_line' id='line_1_14' title="bbox 74 3232 1031 3301; baseline 0.004 -16"><span class='ocrx_word' id='word_1_92' title='bbox 74 3242 84 3284; x_wconf 91' lang='lat' dir='ltr'><strong>t</strong></span> <span class='ocrx_word' id='word_1_93' title='bbox 106 3236 140 3285; x_wconf 84' lang='lat' dir='ltr'><strong>G.</strong></span> <span class='ocrx_word' id='word_1_94' title='bbox 160 3235 373 3284; x_wconf 86' lang='lat' dir='ltr'><strong>Hermanuus</strong></span> <span class='ocrx_word' id='word_1_95' title='bbox 394 3250 421 3298; x_wconf 89' lang='lat' dir='ltr'><strong>p.</strong></span> <span class='ocrx_word' id='word_1_96' title='bbox 439 3232 514 3296; x_wconf 69' lang='lat' dir='ltr'><strong>boe,</strong></span> <span class='ocrx_word' id='word_1_97' title='bbox 540 3234 573 3285; x_wconf 88' lang='lat' dir='ltr'><strong>da</strong></span> <span class='ocrx_word' id='word_1_98' title='bbox 599 3234 718 3284; x_wconf 82' lang='lat' dir='ltr'><strong>eiusdem</strong></span> <span class='ocrx_word' id='word_1_99' title='bbox 740 3233 975 3297; x_wconf 76' lang='lat' dir='ltr'><strong>strophae-versu.</strong></span> <span class='ocrx_word' id='word_1_100' title='bbox 995 3237 1031 3301; x_wconf 82' lang='grc'><strong>9.,</strong></span> 
     </span>
     <span class='ocr_line' id='line_1_15' title="bbox 87 3304 1033 3359; baseline 0.005 -5"><span class='ocrx_word' id='word_1_101' title='bbox 87 3312 126 3354; x_wconf 87' lang='lat' dir='ltr'><strong>est</strong></span> <span class='ocrx_word' id='word_1_102' title='bbox 151 3305 343 3354; x_wconf 82' lang='lat' dir='ltr'><strong>Pherecrateus</strong></span> <span class='ocrx_word' id='word_1_103' title='bbox 368 3304 463 3354; x_wconf 82' lang='lat' dir='ltr'><strong>baseos</strong></span> <span class='ocrx_word' id='word_1_104' title='bbox 485 3305 545 3354; x_wconf 92' lang='lat' dir='ltr'><strong>loco</strong></span> <span class='ocrx_word' id='word_1_105' title='bbox 564 3304 738 3355; x_wconf 69' lang='lat' dir='ltr'><strong>-mibrachnm</strong></span> <span class='ocrx_word' id='word_1_106' title='bbox 766 3311 792 3354; x_wconf 89' lang='lat' dir='ltr'><strong>at</strong></span> <span class='ocrx_word' id='word_1_107' title='bbox 820 3308 893 3356; x_wconf 82' lang='lat' dir='ltr'><strong>arsin</strong></span> <span class='ocrx_word' id='word_1_108' title='bbox 917 3309 1033 3359; x_wconf 86' lang='lat' dir='ltr'><strong>solutam</strong></span> 
     </span>
     <span class='ocr_line' id='line_1_16' title="bbox 73 3370 1033 3437; baseline 0.004 -13"><span class='ocrx_word' id='word_1_109' title='bbox 73 3389 129 3436; x_wconf 85' lang='lat' dir='ltr'><strong>ens,</strong></span> <span class='ocrx_word' id='word_1_110' title='bbox 146 3373 220 3423; x_wconf 91' lang='lat' dir='ltr'><strong>idem</strong></span> <span class='ocrx_word' id='word_1_111' title='bbox 236 3389 263 3437; x_wconf 88' lang='lat' dir='ltr'><strong>p.</strong></span> <span class='ocrx_word' id='word_1_112' title='bbox 282 3372 344 3427; x_wconf 76' lang='lat'><strong>546.</strong></span> <span class='ocrx_word' id='word_1_113' title='bbox 383 3370 521 3427; x_wconf 76' lang='lat' dir='ltr'><strong>Postremo</strong></span> <span class='ocrx_word' id='word_1_114' title='bbox 546 3373 671 3436; x_wconf 82' lang='lat' dir='ltr'><strong>strophae</strong></span> <span class='ocrx_word' id='word_1_115' title='bbox 682 3374 725 3425; x_wconf 73' lang='lat'><em>,11.</em></span> <span class='ocrx_word' id='word_1_116' title='bbox 746 3391 771 3423; x_wconf 86' lang='lat' dir='ltr'><strong>v.</strong></span> <span class='ocrx_word' id='word_1_117' title='bbox 790 3373 834 3426; x_wconf 86' lang='lat'><strong>16.</strong></span> <span class='ocrx_word' id='word_1_118' title='bbox 851 3377 961 3427; x_wconf 83' lang='lat' dir='ltr'><strong>videtur·</strong></span> <span class='ocrx_word' id='word_1_119' title='bbox 974 3392 1033 3428; x_wconf 81' lang='lat' dir='ltr'><strong>ease</strong></span> 
     </span>
     <span class='ocr_line' id='line_1_17' title="bbox 73 3443 1033 3510; baseline 0.005 -19"><span class='ocrx_word' id='word_1_120' title='bbox 73 3459 96 3494; x_wconf 75' lang='lat' dir='ltr'><strong>ac</strong></span> <span class='ocrx_word' id='word_1_121' title='bbox 115 3458 229 3509; x_wconf 83' lang='lat' dir='ltr'><strong>genere,</strong></span> <span class='ocrx_word' id='word_1_122' title='bbox 249 3443 321 3506; x_wconf 90' lang='lat' dir='ltr'><strong>qnod</strong></span> <span class='ocrx_word' id='word_1_123' title='bbox 342 3458 391 3506; x_wconf 90' lang='lat' dir='ltr'><strong>pro</strong></span> <span class='ocrx_word' id='word_1_124' title='bbox 412 3443 567 3497; x_wconf 82' lang='lat' dir='ltr'><strong>choriambo</strong></span> <span class='ocrx_word' id='word_1_125' title='bbox 589 3444 714 3498; x_wconf 87' lang='lat' dir='ltr'><strong>creticum</strong></span> <span class='ocrx_word' id='word_1_126' title='bbox 736 3444 830 3504; x_wconf 86' lang='lat' dir='ltr'><strong>habat,·</strong></span> <span class='ocrx_word' id='word_1_127' title='bbox 848 3445 882 3496; x_wconf 92' lang='lat' dir='ltr'><strong>de</strong></span> <span class='ocrx_word' id='word_1_128' title='bbox 900 3460 952 3510; x_wconf 87' lang='lat' dir='ltr'><strong>qno</strong></span> <span class='ocrx_word' id='word_1_129' title='bbox 971 3447 1033 3496; x_wconf 82' lang='lat' dir='ltr'><strong>vide</strong></span> 
     </span>
    </p>
   </div>
   <div class='ocr_carea' id='block_1_4' title="bbox 73 3511 1031 3647">
    <p class='ocr_par' dir='ltr' id='par_1_4' title="bbox 73 3511 1031 3647">
     <span class='ocr_line' id='line_1_18' title="bbox 73 3511 1031 3580; baseline -0.001 -16"><span class='ocrx_word' id='word_1_130' title='bbox 73 3530 121 3564; x_wconf 85' lang='lat' dir='ltr'><strong>rm.</strong></span> <span class='ocrx_word' id='word_1_131' title='bbox 133 3513 222 3563; x_wconf 77' lang='lat' dir='ltr'><strong>Elem.</strong></span> <span class='ocrx_word' id='word_1_132' title='bbox 240 3514 325 3569; x_wconf 77' lang='lat' dir='ltr'><strong>doctr.</strong></span> <span class='ocrx_word' id='word_1_133' title='bbox 345 3519 420 3565; x_wconf 90' lang='lat' dir='ltr'><strong>metr.</strong></span> <span class='ocrx_word' id='word_1_134' title='bbox 438 3513 499 3569; x_wconf 80' lang='lat' dir='ltr'><strong>Lib·</strong></span> <span class='ocrx_word' id='word_1_135' title='bbox 506 3512 593 3574; x_wconf 77' lang='lat'><strong>111‚·2,</strong></span> <span class='ocrx_word' id='word_1_136' title='bbox 611 3511 830 3566; x_wconf 63' lang='lat' dir='ltr'><strong>tattonem.</strong></span> <span class='ocrx_word' id='word_1_137' title='bbox 848 3514 909 3564; x_wconf 88' lang='lat' dir='ltr'><strong>Hoc</strong></span> <span class='ocrx_word' id='word_1_138' title='bbox 926 3530 1031 3580; x_wconf 84' lang='lat' dir='ltr'><strong>quoque</strong></span> 
     </span>
     <span class='ocr_line' id='line_1_19' title="bbox 73 3582 1017 3647; baseline -0.002 -13"><span class='ocrx_word' id='word_1_139' title='bbox 73 3601 117 3635; x_wconf 78' lang='lat' dir='ltr'><strong>ren</strong></span> <span class='ocrx_word' id='word_1_140' title='bbox 137 3584 368 3647; x_wconf 80' lang='lat' dir='ltr'><strong>corruptissimum</strong></span> <span class='ocrx_word' id='word_1_141' title='bbox 387 3589 414 3634; x_wconf 85' lang='lat' dir='ltr'><strong>et</strong></span> <span class='ocrx_word' id='word_1_142' title='bbox 430 3584 489 3635; x_wconf 82' lang='lat' dir='ltr'><strong>sine</strong></span> <span class='ocrx_word' id='word_1_143' title='bbox 506 3584 584 3633; x_wconf 79' lang='lat' dir='ltr'><strong>novis</strong></span> <span class='ocrx_word' id='word_1_144' title='bbox 600 3582 677 3635; x_wconf 86' lang='lat' dir='ltr'><strong>libris</strong></span> <span class='ocrx_word' id='word_1_145' title='bbox 693 3583 853 3635; x_wconf 84' lang='lat' dir='ltr'><strong>insanabile.</strong></span> <span class='ocrx_word' id='word_1_146' title='bbox 886 3611 888 3615; x_wconf 93' lang='lat'><em>-</em></span> <span class='ocrx_word' id='word_1_147' title='bbox 1013 3594 1017 3599; x_wconf 82' lang='grc'><strong>’</strong></span> 
     </span>
    </p>
   </div>
   <div class='ocr_carea' id='block_1_5' title="bbox 73 3761 1035 4265">
    <p class='ocr_par' dir='ltr' id='par_1_5' title="bbox 73 3761 1035 4265">
     <span class='ocr_line' id='line_1_20' title="bbox 73 3761 1032 3839; baseline 0 -18"><span class='ocrx_word' id='word_1_148' title='bbox 73 3771 289 3835; x_wconf 83' lang='lat' dir='ltr'><strong>umdiscedunt,</strong></span> <span class='ocrx_word' id='word_1_149' title='bbox 300 3787 349 3825; x_wconf 77' lang='lat' dir='ltr'><strong>rex</strong></span> <span class='ocrx_word' id='word_1_150' title='bbox 366 3778 455 3823; x_wconf 89' lang='lat' dir='ltr'><strong>autem</strong></span> <span class='ocrx_word' id='word_1_151' title='bbox 472 3764 500 3822; x_wconf 85' lang='lat' dir='ltr'><strong>in</strong></span> <span class='ocrx_word' id='word_1_152' title='bbox 549 3770 710 3837; x_wconf 83' lang='lat' dir='ltr'><strong>mandatque</strong></span> <span class='ocrx_word' id='word_1_153' title='bbox 720 3761 938 3839; x_wconf 67' lang='lat' dir='ltr'><strong>avibusAeg‘y&#39;pti</strong></span> <span class='ocrx_word' id='word_1_154' title='bbox 949 3767 1032 3823; x_wconf 84' lang='lat' dir='ltr'><strong>Grae·</strong></span> 
     </span>
     <span class='ocr_line' id='line_1_21' title="bbox 74 3838 1032 3911; baseline -0.002 -18"><span class='ocrx_word' id='word_1_155' title='bbox 74 3858 121 3893; x_wconf 88' lang='lat' dir='ltr'><strong>um</strong></span> <span class='ocrx_word' id='word_1_156' title='bbox 139 3855 169 3890; x_wconf 91' lang='lat' dir='ltr'><strong>se</strong></span> <span class='ocrx_word' id='word_1_157' title='bbox 187 3843 291 3905; x_wconf 81' lang='lat' dir='ltr'><strong>recipit.</strong></span> <span class='ocrx_word' id='word_1_158' title='bbox 309 3840 346 3911; x_wconf 44' lang='lat' dir='ltr'><strong>R}</strong></span> <span class='ocrx_word' id='word_1_159' title='bbox 361 3840 394 3893; x_wconf 87' lang='grc' dir='ltr'><strong>Κ.</strong></span> <span class='ocrx_word' id='word_1_160' title='bbox 550 3840 659 3905; x_wconf 90' lang='lat' dir='ltr'><strong>ciaeque</strong></span> <span class='ocrx_word' id='word_1_161' title='bbox 671 3842 747 3892; x_wconf 88' lang='lat' dir='ltr'><strong>sedes</strong></span> <span class='ocrx_word' id='word_1_162' title='bbox 759 3838 981 3897; x_wconf 80' lang='lat' dir='ltr'><strong>commutantibus</strong></span> <span class='ocrx_word' id='word_1_163' title='bbox 991 3839 1032 3891; x_wconf 76' lang='lat' dir='ltr'><strong>fu·</strong></span> 
     </span>
     <span class='ocr_line' id='line_1_22' title="bbox 73 3906 1034 3981; baseline -0.005 -19"><span class='ocrx_word' id='word_1_164' title='bbox 73 3949 79 3962; x_wconf 88' lang='lat'>.</span> <span class='ocrx_word' id='word_1_165' title='bbox 96 3909 177 3964; x_wconf 78' lang='lat'>1451.</span> <span class='ocrx_word' id='word_1_166' title='bbox 208 3909 289 3976; x_wconf 88' lang='lat' dir='ltr'><strong>Spem</strong></span> <span class='ocrx_word' id='word_1_167' title='bbox 303 3911 399 3963; x_wconf 84' lang='lat' dir='ltr'><strong>chorus</strong></span> <span class='ocrx_word' id='word_1_168' title='bbox 413 3908 499 3974; x_wconf 83' lang='lat' dir='ltr'><strong>felicis</strong></span> <span class='ocrx_word' id='word_1_169' title='bbox 549 3915 637 3981; x_wconf 82' lang='lat' dir='ltr'><strong>turum</strong></span> <span class='ocrx_word' id='word_1_170' title='bbox 649 3911 760 3981; x_wconf 77' lang='lat' dir='ltr'><strong>victoria¹¹</strong></span> <span class='ocrx_word' id='word_1_171' title='bbox 764 3906 883 3981; x_wconf 79' lang='lat' dir='ltr'><strong>Menelai</strong></span> <span class='ocrx_word' id='word_1_172' title='bbox 889 3906 1034 3981; x_wconf 65' lang='lat' dir='ltr'><strong>adventum</strong></span> 
     </span>
     <span class='ocr_line' id='line_1_23' title="bbox 73 3974 1035 4051; baseline 0 -20"><span class='ocrx_word' id='word_1_173' title='bbox 73 3997 92 4031; x_wconf 67' lang='lat' dir='ltr'><strong>,e</strong></span> <span class='ocrx_word' id='word_1_174' title='bbox 110 3980 232 4035; x_wconf 83' lang='lat' dir='ltr'><strong>Helenae</strong></span> <span class='ocrx_word' id='word_1_175' title='bbox 252 3990 404 4049; x_wconf 77' lang='lat' dir='ltr'><strong>auguratur,</strong></span> <span class='ocrx_word' id='word_1_176' title='bbox 423 3995 499 4045; x_wconf 86' lang='lat' dir='ltr'><strong>pree·</strong></span> <span class='ocrx_word' id='word_1_177' title='bbox 548 3982 683 4041; x_wconf 77' lang='lat' dir='ltr'><strong>nuntient3</strong></span> <span class='ocrx_word' id='word_1_178' title='bbox 701 3985 835 4051; x_wconf 79' lang='lat' dir='ltr'><strong>postremo</strong></span> <span class='ocrx_word' id='word_1_179' title='bbox 849 3974 1035 4047; x_wconf 71' lang='lat' dir='ltr'><strong>Tyndaridas,</strong></span> 
     </span>
     <span class='ocr_line' id='line_1_24' title="bbox 73 4042 1034 4127; baseline -0.002 -26"><span class='ocrx_word' id='word_1_180' title='bbox 73 4066 129 4127; x_wconf 60' lang='lat' dir='ltr'><strong>qne</strong></span> <span class='ocrx_word' id='word_1_181' title='bbox 165 4051 330 4115; x_wconf 80' lang='lat' dir='ltr'><strong>cogitatione</strong></span> <span class='ocrx_word' id='word_1_182' title='bbox 361 4065 499 4123; x_wconf 75' lang='lat' dir='ltr'><strong>sacrorum</strong></span> <span class='ocrx_word' id='word_1_183' title='bbox 549 4050 700 4121; x_wconf 80' lang='lat' dir='ltr'><strong>praeseutia</strong></span> <span class='ocrx_word' id='word_1_184' title='bbox 731 4048 820 4099; x_wconf 90' lang='lat' dir='ltr'><strong>nautis</strong></span> <span class='ocrx_word' id='word_1_185' title='bbox 855 4042 977 4112; x_wconf 84' lang='lat' dir='ltr'><strong>numina,</strong></span> <span class='ocrx_word' id='word_1_186' title='bbox 995 4048 1034 4099; x_wconf 72' lang='lat' dir='ltr'><strong>‘ut</strong></span> 
     </span>
     <span class='ocr_line' id='line_1_25' title="bbox 73 4115 1033 4191; baseline -0.001 -21"><span class='ocrx_word' id='word_1_187' title='bbox 73 4120 303 4173; x_wconf 84' lang='lat' dir='ltr'><strong>nLacedaamone</strong></span> <span class='ocrx_word' id='word_1_188' title='bbox 313 4122 455 4177; x_wconf 83' lang='lat' dir='ltr'><strong>inventura</strong></span> <span class='ocrx_word' id='word_1_189' title='bbox 465 4119 501 4171; x_wconf 90' lang='lat' dir='ltr'><strong>sit</strong></span> <span class='ocrx_word' id='word_1_190' title='bbox 550 4120 636 4181; x_wconf 77' lang='lat' dir='ltr'><strong>sorori</strong></span> <span class='ocrx_word' id='word_1_191' title='bbox 654 4132 717 4191; x_wconf 71' lang='lat' dir='ltr'><strong>anae</strong></span> <span class='ocrx_word' id='word_1_192' title='bbox 732 4132 819 4187; x_wconf 25' lang='lat' dir='ltr'><strong>&#39;opem&#39;</strong></span> <span class='ocrx_word' id='word_1_193' title='bbox 831 4115 927 4191; x_wconf 66' lang='lat' dir='ltr'><strong>ierant,</strong></span> <span class='ocrx_word' id='word_1_194' title='bbox 939 4118 1033 4185; x_wconf 88' lang='lat' dir='ltr'><strong>implo-</strong></span> 
     </span>
     <span class='ocr_line' id='line_1_26' title="bbox 73 4184 1035 4265; baseline 0.002 -24"><span class='ocrx_word' id='word_1_195' title='bbox 73 4190 203 4241; x_wconf 78' lang='lat' dir='ltr'><strong>brit‘atem.</strong></span> <span class='ocrx_word' id='word_1_196' title='bbox 233 4190 359 4257; x_wconf 72' lang='lat' dir='ltr'><strong>Hiavota</strong></span> <span class='ocrx_word' id='word_1_197' title='bbox 379 4188 501 4255; x_wconf 74' lang='lat' dir='ltr'><strong>adiungit</strong></span> <span class='ocrx_word' id='word_1_198' title='bbox 549 4184 602 4259; x_wconf 81' lang='lat' dir='ltr'><strong>rei..</strong></span> <span class='ocrx_word' id='word_1_199' title='bbox 623 4216 658 4233; x_wconf 67' lang='grc'><strong>«-</strong></span> <span class='ocrx_word' id='word_1_200' title='bbox 684 4184 796 4263; x_wconf 69' lang='lat' dir='ltr'><strong>initium</strong></span> <span class='ocrx_word' id='word_1_201' title='bbox 814 4187 911 4255; x_wconf 73' lang='lat' dir='ltr'><strong>ceruici</strong></span> <span class='ocrx_word' id='word_1_202' title='bbox 929 4201 1035 4265; x_wconf 71' lang='lat' dir='ltr'><strong>acom-</strong></span> 
     </span>
    </p>
   </div>
   <div class='ocr_carea' id='block_1_6' title="bbox 0 0 1264 4590">
    <p class='ocr_par' dir='ltr' id='par_1_6' title="bbox 0 0 1264 4590">
     <span class='ocr_line' id='line_1_27' title="bbox 0 0 1264 4590; baseline 0 0"><span class='ocrx_word' id='word_1_203' title='bbox 0 0 1264 4590; x_wconf 95' lang='lat' dir='ltr'><strong> </strong></span> 
     </span>
    </p>
   </div>
  </div>
 </body>
</html>
