2520 4590
375 264 380 273 ’
444 275 685 344 ALCESTIS.
1030 288 1065 347 13

115 476 144 533 ,rs
154 452 269 518 abusus
285 456 375 514 esset
396 445 652 531 Muellerus,
676 458 714 512 ut
727 448 768 512 ab
784 448 848 514 hoc
862 451 964 515 veluti
977 454 1066 538 priu-

119 538 126 553 '
158 537 377 626 degenerasse
405 535 522 618 poetas
546 531 589 598 ad
611 540 866 598 commentorum
888 536 1066 602 vanitatem

118 640 121 646 '
159 632 190 705 t,
220 641 345 704 eosque
373 626 501 683 tantum
530 641 597 683 non
625 618 803 704 impietatis
824 629 857 683 et
878 621 1066 704 profanata-

143 708 335 795 rcligionum
363 726 439 785 reos
463 712 584 803 ageret.
629 703 681 768 Ne
703 703 752 767 illi
774 703 906 789 quidem
927 708 1066 772 alienam

107 793 171 860 'dei
190 800 311 857 natura
339 797 397 854 aut
417 790 550 874 implam
572 811 639 852 rem
661 788 794 854 linxisse
816 790 953 875 putandi
976 803 1065 876 sunt,

136 877 323 966 Apollinem
350 898 419 939 non
448 875 563 959 culpae
588 873 725 939 alicuius
747 875 930 959 expiandae
953 901 1063 961 causa,

137 973 253 1050 sponte
285 969 452 1027 elamore
473 958 609 1024 Admeti
633 958 767 1023 ductum
788 959 946 1026 caelestes
970 962 1065 1028 sedes

79 1114 81 1121 ,
154 1046 371 1115 contubernio
389 1054 537 1110 mutasse
554 1042 769 1109 tradiderunt.
815 1045 962 1127 Quorum
976 1048 1066 1133 prin-

79 1128 84 1141 '
129 1185 138 1219 ,
160 1135 187 1201 si
207 1128 384 1215 Euripidis
400 1129 607 1198 Scholiasten
624 1127 750 1209 audias,
774 1128 962 1198 Rhiauus
984 1134 1064 1205 fuit:

79 1208 98 1291 'd
188 1269 198 1303 ,
253 1216 289 1282 ui
312 1213 448 1282 Scholia
469 1216 599 1281 Veneta
619 1215 803 1300 composuit
833 1214 876 1278 ad
898 1217 995 1282 Hom.
1026 1219 1065 1282 Il.

80 1296 189 1387 llos,
222 1240 546 1393 gallimachua
584 1298 794 1399 Significavit
824 1309 933 1364 autem
965 1300 1066 1366 Calli-

79 1391 152 1456 uchi
178 1391 291 1454 locum
326 1408 421 1469 curn,
459 1387 514 1471 qui
544 1395 594 1450 cst
625 1409 659 1449 rn
700 1385 833 1470 Hymno
868 1386 901 1448 in
939 1386 1067 1473 Apolli·

82 1496 126 1541 am
143 1478 247 1540 v147.

140 1611 274 1694 Φοῖβον
297 1611 353 1673 καὶ
379 1603 512 1690 Νόμιον
535 1604 757 1690 κικλήσκομεν
778 1608 862 1688 έξέτι
885 1613 1004 1684 κείνου,

133 1694 230 1778 'Ellis’
256 1691 302 1760 ἐπ’
325 1691 507 1779 Ἀμφρυσῷ
530 1690 722 1777 ζευμήτιὸας
745 1695 881 1798 ἔτρεφεν
905 1698 1027 1772 ἵππους

85 1836 87 1841 .
133 1784 283 1847 Ἡϊθέου
306 1776 369 1865 ὑπ’.
383 1781 480 1863 ἔρωτι
503 1783 704 1861 κεκαυμένος
722 1775 913 1862 Ἀδμητοιο.

131 1863 216 1935 ‘Pelei
240 1889 276 1932 κε
299 1864 485 1947 βουβόσιον
504 1865 645 1929 τελέθοι
666 1866 778 1941 πλέον,
801 1863 879 1931 οὐδέ
903 1890 958 1930 κεν
980 1863 1071 1950 αἶγες

134 1950 295 2019 Aesona>
323 1951 478 2039 βρειμέων
500 1944 709 2034 έπιμηλιέδες,
733 1943 810 2040 ᾗσιν
831 1948 998 2016 Ἀπόλλων

130 2041 353 2127 Βοσκομένῃς
375 2031 564 2122 ὀφθαλμὸν
585 2031 759 2118 ἐπήγαγεν·
783 2035 850 2102 odd
874 2033 1057 2120 ἀγάλακτες

123 2121 208 2200 ’Όϊες
233 2120 303 2189 οὐδ’
328 2117 468 2198 dandos,
490 2123 595 2186 πᾶσαν
617 2125 652 2185 δέ
676 2143 731 2184 κεν
752 2121 817 2187 εἷεν
838 2119 991 2210 ὕπαρνοι·

128 2207 176 2274 Ἡ
203 2213 241 2274 δέ
266 2233 301 2272 κε
324 2203 533 2288 μουνοτόκος
558 2201 783 2288 ὃιὸυματόκος
812 2206 904 2296 αἶψα
926 2214 1068 2291 γένοιτο.

79 2327 117 2395 los
147 2337 311 2412 sequutus
348 2336 399 2394 est
427 2325 605 2392 Nonnus
643 2327 784 2414 Dionys
814 2327 860 2392 X.
891 2327 964 2409 322,
999 2326 1070 2390 Ti-

82 2417 193 2479 ullus
218 2413 265 2477 II.
292 2416 322 2496 3,
348 2418 409 2495 ll.,
434 2411 613 2478 Ovidius
635 2412 771 2478 Heroid.
796 2412 839 2476 V.
870 2415 941 2495 20,
972 2411 1070 2476 Plu-

79 2501 225 2566 trchus
252 2500 286 2562 in
314 2500 381 2564 vita
413 2497 543 2564 Numae
572 2520 600 2566 c.
621 2501 658 2562 4:
681 2503 736 2564 καὶ
760 2497 799 2564 οὐ
822 2500 1071 2583 πλημμελοῦσιν

79 2594 80 2642 ἶ
108 2585 172 2653 τὸν
201 2583 388 2670 Φόρβαντα
412 2587 467 2649 καὶ
499 2579 559 2648 τὸν
578 2580 771 2649 Ὑάκινθον
800 2589 854 2649 καὶ
876 2581 937 2649 τὸν
952 2581 1070 2668 ’Ἄδμη-

79 2697 103 2738 or
133 2676 328 2758 ἐρωμένους
354 2666 562 2745 Ἀπόλλωνος
592 2671 763 2753 γεγονέναι
783 2669 1071 2754 μυθολογοῦντες,

79 2784 151 2844 :asp
179 2750 225 2821 αὖ
256 2762 312 2822 καὶ
345 2753 404 2820 τὸν
433 2751 633 2819 Σικυώνιον
653 2751 855 2820 Ἱππόλυτον
874 2781 902 2821 κ,
925 2781 954 2820 τ.
978 2759 1003 2818 ἑ.
1039 2763 1072 2817 et

96 2843 280 2908 Amatorio
309 2867 340 2928 p.
374 2843 445 2904 761.
474 2839 527 2922 E,
552 2863 649 2923 quem
670 2840 778 2904 locum
807 2840 893 2903 inlra
921 2839 1071 2923 apposui.

79 2930 201 3016 rripuit
224 2926 307 3009 hoc,
338 2936 375 2990 ut
406 2924 648 3008 criminaretur,
677 2925 936 2989 Lactantius
972 2921 1072 2984 divin.

79 3017 150 3080 stit.
166 3014 197 3078 I.
223 3015 272 3075 10.
318 3010 431 3093 Quid
452 3010 632 3095 Apollo,
656 3017 782 3095 pater
804 3007 914 3072 cius?
937 3027 1073 3070 nonne

79 3124 90 3166 ι
114 3119 324 3180 amorem,
349 3118 431 3180 quo
455 3094 679 3181 flagravit,
705 3092 956 3180 turpissime
979 3114 1074 3177 gre·

79 3209 132 3250 am
163 3182 290 3270 pavit
319 3179 527 3244 alienum?
583 3178 725 3244 Claudat
760 3201 876 3243 acmen
909 3179 1073 3258 Donatus,

79 3272 100 3336 n
131 3271 169 3334 n
194 3267 279 3330 vna
299 3265 440 3352 νομοὶ
462 3287 490 3329 0.
514 3264 612 3332 xxi.
640 3267 668 3348 l·
692 3268 742 3330 so.
774 3235 813 3328 de
835 3262 984 3328 sueonos
1007 3285 1078 3328 oar-

78 3357 145 3421 inis
177 3351 307 3435 origine
337 3350 529 3436 disputans:
574 3349 686 3432 Alii,
716 3349 843 3432 inquit,
880 3348 1077 3432 Apollini

86 3440 204 3506 omio
229 3435 287 3520 (id
308 3437 526 3500 redditum
549 3434 733 3517 putant),
757 3433 969 3518 pastorali
993 3433 1077 3498 sci-

81 3535 152 3592 cct
191 3521 290 3604 deo,
329 3544 408 3604 qua
441 3526 701 3603 tempestate
738 3516 909 3582 Admeti
945 3519 1078 3580 boves

79 3617 241 3676 averat.
303 3607 462 3686 [Valcr.
507 3604 643 3668 Flacc.
680 3602 805 3688 Argon.
842 3603 869 3666 Ι,
906 3602 980 3665 444.
1020 3598 1079 3660 'le

79 3715 223 3779 noque
248 3691 352 3755 dant
374 3689 515 3776 campi
545 3695 664 3752 tanto
694 3698 869 3772 pastore
899 3680 1080 3751 Pheraei

80 3782 257 3860 elices,
282 3776 474 3842 Admota:
497 3773 584 3839 tuis
608 3795 693 3835 nam
716 3772 865 3857 pendit
898 3772 937 3833 in
968 3764 1081 3829 arvis

89 3867 208 3930 elius
231 3863 403 3949 ingrato
420 3853 1081 3944 Steropcuquodluderatarou.]

139 3949 255 4015 Venio
278 3969 365 4011 nunc
388 3947 430 4011 ad
466 3943 704 4011 Admetum:
736 3943 776 4006 de
811 3962 876 4022 quo
900 3936 981 4000 illud
1003 3958 1081 4000 con-

79 4060 144 4100 :are
169 4033 283 4113 video,
307 4032 510 4097 Pheretis
534 4029 738 4104 essefiliun13
761 4035 896 4089 matrem
919 4020 1084 4109 Clyme-

82 4145 133 4185 οτι
157 4117 314 4204 prodidit
337 4116 449 4183 Schol.
472 4114 515 4181 ad
535 4115 614 4179 Eur.
638 4114 712 4177 Alc.
739 4113 800 4190 17,
825 4109 1085 4195 Periclyme-
