2558 4590
112 158 157 224 94
543 153 753 208 eremmon

221 316 311 389 εὕδει
331 315 362 388 δ’
385 313 402 387 ό
422 317 556 406 τλήμων
574 314 684 387 ὕπνον
703 313 767 387 οὐκ
784 313 990 405 εὐδαίμονα,

221 430 344 506 παῖδας
362 424 532 511 φονεύσας
550 425 606 492 παλ
626 419 782 512 δάμαρτ’·
801 421 868 510 ἐγὼ
887 422 950 510 μὲν
970 412 1033 492 οὖν

223 529 285 600 οὐκ
304 529 381 600 οἶδα
399 533 538 617 θνητῶν
556 527 649 611 ὅστις
666 526 879 618 ἆθλιότερος.
1104 547 1155 597 1011

172 645 207 706 Χ
210 644 245 705 0.
274 633 291 706 ὁ
311 637 417 724 φόνος
435 628 479 724 ἦν
498 633 539 705 ὃν
554 633 703 724 Ἀργολλς
722 640 789 723 ἔχει
803 638 909 724 πέτρα
963 719 970 724 .

277 744 350 812 τότε
369 742 430 831 μὲν
448 741 709 831 περισαμότατος
727 743 784 810 παλ
803 738 942 822 ἄπιστος

272 845 404 917 Ἑλλάδι
422 851 491 917 τῶν
509 850 652 917 Δαναοῦ
669 852 815 917 παίδων·

273 953 314 1023 τὰ
332 952 364 1023 δ’
386 950 579 1043 ὑπερέβαλε,
597 956 789 1045 παρέδραμε
806 951 847 1022 τὰ
865 951 940 1022 τότε
957 951 1051 1022 adad.
1107 971 1161 1020 1010

275 1166 392 1235 τάλανι
411 1171 560 1254 διογενεῖ
576 1165 664 1258 κόρῳ
683 1167 891 1253 μονοτέκνου
909 1164 1069 1253 Πρόκνης

150 1387 185 1442 V.
206 1393 398 1444 1010-1096.
439 1387 509 1442 Post
531 1387 624 1442 nuntii
676 1383 799 1458 ομιλτων,
818 1387 864 1443 Or.
879 1393 930 1442 971
948 1378 1168 1455 beennatensi

114 1459 306 1514 narrationem
334 1459 434 1512 chorus
465 1458 538 1512 nihil
569 1457 624 1513 sibi
676 1459 788 1527 πρῶτον
812 1452 930 1512 Δαναὸν
949 1452 1081 1528 Αλγόπτῳ
1103 1456 1172 1517 δίνας

117 1530 172 1584 ista
198 1528 326 1584 Herculis
357 1529 509 1584 liberorum
537 1529 622 1584 caede
677 1524 787 1584 διδόντ’
812 1525 949 1596 ἀθροῖσαι
968 1522 1040 1581 λαὸν
1064 1525 1103 1589 εἰς
1123 1545 1172 1580 νοι-

116 1599 390 1668 crudeliusunquam
403 1600 511 1655 factum
524 1600 623 1668 videri,
676 1596 729 1662 νὰς
748 1599 840 1669 ἕδρας.
855 1629 891 1640 -
908 1595 972 1654 τότε
992 1595 1055 1668 μέν,
1075 1597 1173 1659 ‘olim’.

115 1688 201 1740 seque
219 1671 348 1725 dubitare
367 1671 504 1738 ostendit,
522 1670 623 1739 quibus
678 1671 724 1725 Sic
733 1671 793 1741 lpln
804 1670 866 1724 Aul.
877 1676 912 1724 46
926 1670 961 1740 τῇ
994 1664 1032 1737 rip
1046 1663 1077 1737 μ’
1093 1663 1174 1755 ἀλόγῳ

116 1741 186 1797 satis
204 1741 297 1811 dignis
311 1743 419 1795 tantam
434 1741 543 1796 cladem
556 1757 622 1795 nae·
676 1739 739 1796 τότε
762 1736 931 1809 Τυνδάρεως
945 1689 1054 1810 πόμπει
1068 1758 1175 1825 φερνιμ.

115 1813 170 1868 niis
193 1814 385 1881 prosequatur.
428 1812 499 1866 Tum
524 1811 622 1883 pandi·
678 1813 723 1867 Or.
743 1818 777 1867 99
797 1807 854 1879 dot
873 1831 905 1880 γε
925 1816 1043 1880 φρονεῖς
1062 1801 1103 1879 εὖ,
1120 1827 1175 1863 τοτε

115 1886 163 1937 tur
180 1883 292 1952 domus,
311 1886 397 1951 atque
415 1882 623 1938 machinatione
676 1878 790 1937 λιποῦο’
815 1880 935 1952 αἰσχρῶς
957 1877 1074 1951 δόμους.
1113 1880 1175 1934 Vide

117 1949 327 2023 ἐκκοκλήματος
370 1954 421 2008 sub
459 1953 623 2023 adspectum
676 1953 797 2008 Brunck.
817 1953 855 2008 ad
870 1952 1012 2022 Aristoph.
1027 1953 1092 2021 Lys.
1107 1956 1175 2005 1003.

116 2023 292 2079 subiciuntur
306 2026 335 2078 et
348 2041 493 2080 caesorum
507 2041 625 2093 corpora
678 2024 786 2080 Schaef.
803 2024 841 2079 ad
853 2023 952 2079 Iulian.
967 2041 995 2093 p.
1005 2023 1054 2078 IV.
1087 2021 1176 2077 Verbis

119 2098 148 2150 et
169 2094 230 2164 ipse
248 2094 396 2162 Hercules,
420 2094 539 2149 vinculis
558 2111 623 2149 con·
676 2091 739 2150 τότε
759 2093 811 2165 μὲν
827 2095 977 2165 opponitur
993 2111 1101 2149 sensus:
1124 2091 1177 2146 ‘sed

117 2164 230 2220 strictus
253 2167 281 2220 et
305 2166 451 2221 columnae
479 2165 622 2236 alligatus.
677 2183 750 2220 nunc
796 2166 851 2220 hoc
896 2165 1003 2220 malum
1049 2163 1177 2219 illustrius

116 2236 260 2291 Postremo
272 2237 440 2306 Amphitryo
455 2235 531 2291 tristi
543 2237 623 2291 vultu
677 2238 741 2292 est'.
762 2231 993 2306 Περιοαμόιατος
1003 2235 1053 2290 aul
1065 2230 1178 2296 ἄπιστος.

116 2325 168 2362 nec
188 2306 247 2362 sine
261 2307 362 2363 timore
376 2307 562 2377 progreditur,
576 2324 623 2362 ve·
677 2307 808 2362 Diversos
835 2307 940 2390 gradus
969 2306 1103 2376 coniungi
1131 2322 1176 2360 neo

115 2381 189 2432 teres
212 2377 316 2433 amicos
341 2380 470 2446 hortem,
498 2395 533 2432 ue
555 2378 624 2432 fletu
677 2377 750 2433 ratio
770 2379 902 2448 prohibet
923 2394 975 2432 nee
998 2395 1073 2432 usus.
1093 2375 1177 2446 -chl

118 2450 147 2501 ct
161 2448 284 2503 clamore
297 2449 447 2503 Herculem
462 2465 559 2503 somno
574 2466 623 2518 op·
678 2455 730 2504 315
755 2445 867 2534 κομψὸς
895 2447 1007 2517 γενήσει
1035 2447 1086 2502 uoti
1112 2447 1179 2530 λαλί-

115 2523 623 2659 λέἓῖἒᾞιῗέλλῗῖελῗέἓὶλλὲἱῖζ
677 2519 1179 2660 1100ιλλλλΐιλὲὲἑιλὲλὲλ

116 2662 239 2729 patrem,
262 2661 376 2715 domum
399 2662 540 2731 perditum
570 2664 624 2716 eat.
679 2666 731 2715 λαν
750 2657 828 2734 αὐτῷ
850 2657 904 2732 πρὸ
929 2662 979 2729 τῆς
1001 2661 1116 2729 πομπῆς
1137 2659 1180 2714 καλ

116 2735 157 2785 Ac
175 2733 270 2786 tamen
289 2732 408 2786 Hercule
426 2732 498 2786 inter
511 2732 625 2787 illorum
679 2728 893 2800 ἀτερπέστατον.
922 2733 1048 2802 Alciphr.
1059 2732 1111 2800 Ep.
1120 2732 1180 2785 lllt

117 2802 330 2870 conquestiones
351 2821 384 2857 ac
404 2804 530 2871 ploratus
550 2820 624 2857 com·
679 2799 696 2871 ἡ
716 2798 870 2873 πόμφαγος
887 2797 959 2870 αὕτη
975 2803 1024 2857 καὶ
1038 2805 1180 2872 παμβορω-

117 2876 247 2927 movente
266 2892 295 2927 se
314 2890 347 2928 ac
361 2873 480 2941 denique
496 2891 625 2943 soporem
679 2869 748 2941 τότε]
772 2871 886 2942 γαστήρ.
927 2874 1026 2941 Neque
1053 2890 1120 2928 vero
1144 2889 1181 2926 re·

116 2945 275 2998 excutiente
303 2946 332 2998 et
358 2944 418 3013 ipse
434 2943 569 3014 profugit
597 2945 626 2998 et
678 2944 746 3012 fert,
768 2944 919 3013 praecedat
945 2945 1133 3014 superlativus
1150 2960 1182 2998 au

119 3014 192 3081 illos,
211 3016 243 3068 ut
261 3016 298 3068 ab
317 3016 428 3069 homine
447 3015 552 3070 furioso
571 3014 626 3069 sibi
680 3017 873 3082 subsequatur.
930 3014 1002 3069 Vide
1034 3015 1181 3071 Herodian.

117 3086 248 3153 caveant,
272 3088 375 3142 monet.
395 3117 428 3125 —
449 3085 518 3140 Cum
541 3085 625 3140 facile
678 3086 749 3141 Hist.
769 3086 808 3138 III
827 3093 842 3140 9
862 3104 890 3154 p.
905 3092 948 3153 69,
968 3092 1011 3141 26.
1037 3086 1104 3142 coll.
1117 3087 1181 3140 llll

117 3154 276 3220 quindecim
319 3160 413 3224 partes
450 3157 625 3211 choricorum
677 3176 704 3227 p.
716 3163 758 3222 50,
772 3162 806 3211 23
820 3155 910 3212 Bekk.
941 3157 1027 3212 Plura
1040 3154 1183 3225 quaerenti

117 3224 309 3279 discernantur
328 3228 447 3294 (septem
465 3227 494 3279 in
513 3246 538 3281 v.
556 3233 623 3281 1916
679 3227 900 3296 suppeditabunt
916 3227 1012 3282 Daris.
1028 3228 1066 3282 ad
1082 3228 1137 3284 Cic.
1151 3227 1182 3281 de

117 3301 231 3362 -1041,
250 3297 350 3350 octava
367 3315 392 3350 v.
410 3301 476 3350 1045
487 3315 537 3365 sq,
550 3315 625 3352 nona
677 3299 712 3355 N.
723 3299 757 3352 D.
767 3299 780 3353 Ι
790 3304 832 3353 21.
852 3299 1006 3368 Wopkens.
1021 3300 1101 3354 Lect.
1114 3297 1182 3353 Tull

117 3385 142 3423 v.
163 3371 352 3435 1051-1053,
372 3367 481 3421 decima
499 3387 524 3421 v.
547 3374 624 3436 1057,
678 3370 704 3422 Il
726 3376 767 3423 19,
803 3370 836 3424 Α.
856 3370 1002 3424 Matthiae.
1027 3369 1064 3424 ad
1084 3369 1140 3425 Cic.
1157 3387 1182 3438 p.

116 3437 265 3491 undecima
291 3456 316 3493 v.
342 3444 425 3503 1060,
458 3438 625 3493 duodecima
678 3439 774 3494 Milon.
795 3440 898 3494 XXVII
918 3447 959 3495 74.
992 3441 1117 3496 Lobeolr.
1135 3440 1183 3494 Pa·

116 3527 142 3563 v.
164 3513 348 3577 roes-1068,
367 3509 451 3563 tertia
470 3509 579 3565 decima
597 3530 623 3566 v.
677 3510 758 3580 ralip.
779 3513 809 3567 T.
829 3512 842 3564 Ι
859 3530 886 3581 p.
907 3517 950 3564 41.
969 3511 995 3565 ΙΙ
1014 3530 1041 3581 p.
1063 3517 1124 3567 540.

118 3585 200 3649 1071,
225 3582 325 3649 quarta
344 3580 454 3634 decima
472 3599 498 3635 v.
519 3587 623 3635 1077-

121 3655 197 3719 1090,
212 3652 430 3719 quintadecima
444 3670 469 3706 v.
483 3657 550 3706 1097
562 3655 622 3721 sq),
712 3653 745 3709 V.
759 3659 835 3709 1021.
850 3653 987 3707 Fabulam
997 3652 1183 3722 narratApol·

116 3736 164 3775 eas
181 3739 237 3776 non
256 3723 315 3776 sine
338 3722 539 3791 probabilitate
561 3723 623 3791 quis
677 3723 733 3778 lod.
752 3725 792 3777 Ill
811 3730 859 3793 14,
884 3730 907 3779 9.
947 3723 1027 3780 Ovid.
1056 3724 1125 3778 Met
1148 3722 1183 3777 VI

116 3790 233 3860 singulis
253 3793 393 3848 choreutis
412 3793 604 3864 assignaverit.
676 3800 737 3849 424.
778 3791 886 3848 Τόλονι
909 3795 1060 3849 delendum
1085 3793 1184 3850 conicit

151 3861 185 3916 V.
208 3870 284 3918 1010.
312 3866 353 3919 De
372 3865 531 3919 Danaidum
554 3864 622 3919 faci·
676 3865 833 3931 Nauckius,
859 3868 891 3919 ut
909 3866 964 3919 duo
984 3866 1112 3921 dochmii
1130 3865 1184 3921 effi·

116 3948 183 3987 nore
201 3933 265 3988 vide
288 3936 418 4004 Apollod.
442 3937 468 3989 Π
487 3943 514 4004 1,
539 3942 563 3990 5.
588 3967 621 3975 —
677 3935 793 3992 cientur.
827 3936 959 3991 Dativnm
974 3937 1182 3992 commodidso·

113 3996 230 4070 Ἀργολὶς
247 4004 335 4074 πέτρα
358 4008 391 4060 ut
411 4003 545 4077 Τρῳάδος
563 4002 620 4060 ἀπὸ
677 4003 943 4080 γενεῖκόρῳμοεοίδ
955 4010 1043 4077 poeta
1057 4025 1109 4077 pro
1124 4025 1183 4078 gen.

116 4071 221 4141 πέτρας
244 4076 307 4130 Tro.
331 4083 391 4131 523.
434 4077 488 4132 cfr.
512 4078 545 4131 fr.
569 4083 621 4133 307
677 4079 825 4132 anomine
844 4074 936 4147 φόνον
955 4081 1033 4148 apto,
1053 4095 1088 4134 ne
1104 4094 1183 4148 gene·

117 4139 216 4207 ξεστὸν
243 4141 334 4214 ὄχθον
358 4148 511 4201 Δαναϊδῶν
540 4145 621 4215 ἕδρα·
676 4148 728 4202 tivi
747 4149 964 4204 cumularentur.
