2520 4590
546 173 745 226 ΦΟΙΝΙΣΣΑΙ.

214 315 436 412 δακρυόεσσ’
465 315 590 390 ἀνεῖσα
617 320 742 388 πένθει
770 312 896 407 κόμαν,

212 419 371 505 ἀπεπλος
399 424 542 513 φαρέων
567 422 717 505 λευκῶν,
745 420 884 504 τέκνον,

213 518 445 614 δυσόρφναια
471 516 508 591 δ’
537 516 631 612 ἀμφὶ
656 517 770 612 τρύχη
798 515 887 590 τάδε’
1131 536 1181 590 325

211 617 338 694 σκότια
365 627 536 714 λείβομαι.

212 723 234 796 ὁ·
258 720 296 796 δ’
326 727 365 794 ἐν
390 721 536 815 δόμοισι
562 726 724 815 πρέσβυς
751 717 1019 815 ὀμματοστερὴς

211 821 351 920 ἀπήνας
377 820 583 917 ὁμοπτέρου
610 827 673 908 τᾶς
699 819 793 893 ἀπο-

213 930 377 1019 ζυγείσας
404 921 527 1017 δόμων

212 1026 335 1100 πόθον
361 1023 640 1120 ἀμφιδάκρυτον
667 1023 720 1096 ἀεὶ
747 1030 902 1120 κατέχων
1133 1043 1184 1096 330

150 1323 179 1378 V.
197 1329 257 1380 323.
306 1315 479 1390 δακρυόεσσ’
517 1319 620 1378 ἀνεῖσα
672 1321 768 1377 liasta:
793 1317 827 1377 ‘0
849 1323 993 1385 Οἰδίπους
1021 1319 1054 1377 δὲ
1082 1319 1097 1376 ὁ
1126 1323 1184 1375 τῶν

123 1389 216 1448 τένδει
238 1387 274 1446 κό
298 1410 334 1444 αν
361 1389 485 1445 restituit
505 1406 557 1458 pro
581 1390 621 1444 eis
672 1386 809 1458 ὀμμάτων
826 1386 1025 1459 ἐστερημένος,
1049 1391 1103 1444 τοῦ
1120 1387 1183 1455 ζεό-

122 1474 183 1526 quae
216 1460 247 1513 in
275 1411 357 1512 tibris
385 1459 532 1527 leguntur:
549 1459 621 1512 ’δα-
672 1476 742 1524 μους
776 1460 828 1512 τοῦ
864 1456 1051 1542 συγγενικοῦ,
1092 1450 1184 1525 ἥρονν

119 1522 270 1594 κρυόεσσαν
301 1523 379 1581 ἱεῖσα
408 1523 544 1603 πενθήρη
574 1523 621 1580 κό·
672 1521 753 1594 ὑμῶν
783 1528 840 1581 τῶν
870 1528 924 1581 δυο
954 1521 1092 1594 ἀδελφῶν
1126 1527 1184 1578 τῶν

117 1614 168 1660 μαν
191 1594 226 1651 G.
245 1593 434 1673 Hermanno,
458 1610 507 1661 qui
529 1593 620 1647 addit:
673 1591 876 1662 χωρισθέντων
891 1597 948 1648 τῶν
960 1591 1066 1714 δόμων,
1078 1588 1183 1674 ἐπιζυ-

118 1663 249 1718 ‘solverat
284 1677 374 1716 onnes
409 1676 479 1731 prae
510 1661 620 1727 dolore3
673 1663 743 1729 μίαν
762 1663 887 1730 περίδακ
906 1680 941 1714 υν
960 1656 994 1716 ἀε
1026 1659 1112 1729 ἔχων,
1132 1680 1183 1727 ωρ-

114 1732 166 1785 tum
179 1729 342 1785 absciderat
353 1729 483 1785 Iocasta’.
507 1728 622 1783 Rectius
673 1746 746 1797 μητε
759 1727 812 1796 μὲν
823 1731 873 1785 καὶ
886 1681 932 1784 ἀπ’
945 1725 1101 1797 αὐτόχειρα
1111 1744 1184 1795 σφα-

114 1795 217 1854 ἀνεῖσα
263 1796 372 1851 πένθει
418 1796 623 1864 interpretatur
674 1796 729 1866 μην
749 1800 853 1863 ξίφους
876 1799 927 1851 καί
950 1793 997 1851 ἐπὶ
1020 1791 1185 1864 πνιημονήν

112 1864 264 1921 scholiasta
293 1858 479 1932 ἀποβαλοῦσα
509 1859 556 1918 ἐπὶ
583 1865 622 1936 τῷ
673 1861 748 1932 ὑπὲρ
764 1860 801 1918 τδι
817 1859 919 1933 δψηλά
937 1860 1096 1932 οἰκήματα,
1113 1861 1186 1928 μετὰ

112 1936 147 2003 τῷ
163 1933 283 1989 πένθει.
674 1933 835 2001 στεναγμοῦ
846 1927 1028 2000 ἐπαρώμενος
1040 1927 1113 1998 ἀρὰς
1123 1938 1185 1993 τοῖς

142 2000 179 2056 V.
194 2005 255 2055 324.
282 1995 412 2061 ἀπεπλος
426 1996 543 2067 φαρέων
553 2003 622 2075 λευ·
674 1999 794 2061 τέκνοις.
825 1998 881 2053 Sed
899 2016 963 2052 eum
981 1999 1068 2052 etiam
1083 1999 1187 2053 desin-

111 2067 181 2139 κῶν]
218 2067 262 2122 De
292 2067 457 2134 pleonasmo
488 2066 622 2120 orationis
674 2066 747 2135 gulis
765 2067 859 2122 verbis
878 2066 1053 2136 explicandis
1073 2067 1185 2121 dubita-

110 2137 158 2205 qui
175 2137 220 2191 est
237 2136 268 2188 in
284 2134 339 2189 hae
357 2149 424 2188 voce
442 2133 493 2191 οδε,
508 2135 624 2188 παίδων
674 2144 734 2188 tum
754 2134 803 2201 sit,
826 2136 980 2204 separatim
999 2134 1033 2188 de
1051 2136 1095 2189 his
1112 2134 1186 2189 infra

109 2204 244 2326 ginone)
276 2193 366 2263 ἀπαις
392 2194 537 2268 (ἀτεκνος)
567 2203 623 2253 An·
675 2202 795 2256 dicetur.

143 2286 200 2327 em.
220 2275 285 2337 612,
313 2275 374 2337 711,
399 2267 496 2348 §appi
518 2275 561 2333 12,
581 2274 622 2330 35,
709 2270 743 2327 V.
761 2276 819 2325 327.
864 2265 1090 2338 δμματοστερὴς]
1131 2270 1186 2324 cfr.

108 2344 170 2407 810,
179 2334 269 2394 τέκεα
278 2334 386 2405 πατρὸς
396 2333 491 2390 απάτο
511 2336 622 2391 αΗοτο.
675 2336 758 2406 Soph.
778 2336 809 2395 O.
829 2337 857 2392 C.
882 2342 949 2391 1260
972 2337 1057 2405 κρατὶ
1082 2332 1113 2391 δ’
1137 2334 1152 2391 δ
1176 2371 1187 2379 -

111 2412 174 2471 114,
207 2399 345 2476 ἀνέορτος
379 2401 463 2472 ἱερῶν
523 2404 540 2456 l.
563 2411 622 2466 310,
674 2411 846 2474 ματοττερεί
883 2407 912 2458 et
947 2403 1013 2458 vide
1048 2358 1184 2459 Abreseii.

108 2472 216 2536 ἄνοσος
235 2471 334 2527 κακῶν
352 2467 429 2538 ἐμῶν
447 2471 507 2540 lph.
520 2471 552 2528 A.
564 2477 622 2527 982.
674 2473 824 2527 Animadv.
844 2472 880 2527 ad
893 2472 1023 2540 Aeschyl.
1036 2471 1185 2530 Eumenid.

109 2540 216 2611 Krueg.
242 2540 334 2605 1147,
358 2545 403 2605 26,
431 2544 455 2596 9.
485 2570 519 2578 -
548 2540 623 2594 Ante
674 2546 723 2594 941
742 2558 770 2610 p.
786 2545 833 2594 128
852 2544 891 2626 (μ.
905 2545 955 2594 336
974 2540 1019 2595 ed.
1037 2539 1122 2608 Hal).

108 2607 222 2665 τέκνων
239 2607 407 2676 interposito
426 2597 622 2661 dDindorfius
709 2607 742 2667 V.
760 2614 818 2666 328,
859 2604 975 2677 απήνας
1010 2602 1185 2676 ὁμοπτέρου]

109 2677 183 2733 duos
202 2675 348 2730 doohmios
366 2674 525 2743 complevit.
672 2671 805 2744 Ἀπήνας·
840 2678 986 2743 συζυγίας.
1036 2671 1187 2729 Ἐτεοκλέα

144 2742 179 2797 V.
192 2748 252 2798 326.
280 2741 465 2811 δυσόρφναια
483 2743 622 2809 -λείβο-
674 2746 725 2796 καλ
744 2746 934 2810 Πολυνείκην
952 2736 1069 2810 ἀπήνην
1095 2741 1186 2807 εἶπεν,

110 2810 177 2880 μαι]
202 2809 296 2864 'Cinea
313 2812 389 2864 atrae
408 2811 499 2864 vestes
516 2825 623 2888 panno·
674 2803 740 2878 ἥτις
776 2807 807 2864 ἐκ
848 2809 902 2864 δύο
943 2811 1018 2879 βοῶν
1063 2808 1186 2864 ἕλκεται.

109 2895 157 2933 aas
173 2878 304 2932 defluunt
320 2877 435 2932 abditae
458 2878 527 2931 miln
543 2877 624 2930 laori-
676 2877 801 2932 SCHOL.
838 2877 893 2932 Ofr.
912 2876 1132 2930 Valckenarium
1151 2877 1187 2930 ad

110 2953 197 3001 mae.'
214 2945 271 2999 Pro
284 2943 384 3000 σκότια
397 2945 627 3015 λείβομαι,ραοδ
677 2945 756 3007 1ι.1,,
781 2946 831 3011 qui
852 2947 927 2999 reete
951 2943 1066 2997 nomina
1089 2946 1188 3011 ζεῦγος

109 3013 240 3078 restitui,
283 3013 350 3067 libri
388 3013 496 3067 habent
535 3005 625 3066 σκότι’
679 3015 709 3067 et
733 3014 852 3080 ξυνωρίς
875 3011 949 3079 (vide
972 3010 1047 3063 infra
1069 3029 1095 3064 v.
1110 3015 1186 3079 1618)

111 3076 288 3151 ἀμείβομαι,
319 3080 397 3134 ouius
424 3080 553 3134 lectionis
580 3096 626 3132 ex·
679 3079 865 3147 comparavit,
895 3095 968 3146 quae
991 3078 1105 3134 nomina
1126 3080 1190 3148 ipsa

112 3147 275 3218 pediendae
293 3163 379 3202 eausa
396 3147 455 3214 alii,
474 3148 550 3234 quod
566 3147 627 3201 fieri
678 3163 790 3216 quoque
809 3148 844 3201 de
863 3147 962 3215 quovis
979 3148 1043 3214 pari
1058 3147 1190 3217 usurpari

110 3215 226 3285 nequit,
263 3212 340 3284 ἀμφὶ
375 3231 439 3268 eum
470 3217 627 3284 αμείβομαι
679 3216 779 3273 solent.
807 3209 998 3283 Ὁμοπτὲρου
1021 3219 1072 3285 τῆς
1089 3211 1189 3283 ὁμογε-

112 3283 326 3352 ooniungebant
342 3277 408 3352 (τὴν
421 3280 454 3337 δὲ
467 3275 547 3351 ἀμφί
555 3279 627 3350 πρὸς
678 3285 760 3349 νοῦς,
788 3283 1022 3352 καταχρηστικῶς
1048 3280 1106 3338 ἀπὸ
1133 3285 1189 3336 τῶν

113 3347 148 3407 τὸ
165 3348 327 3420 ἀμείβομαι
346 3351 474 3406 τουτέστι
492 3346 627 3419 περιβάλ-
679 3349 796 3418 ὀρνέων.
820 3351 944 3405 SCHOL.
980 3351 1053 3406 Vide
1077 3355 1191 3420 praeter

114 3423 202 3490 λομαι
229 3419 383 3472 scholiasta
406 3418 552 3484 annotat),
578 3417 628 3470 alii
678 3416 1189 3475 Valckenariumadh.l.Abresohium

111 3485 450 3541 inauditumvooabulum
459 3483 627 3554 ἀμφιτρυχῆ
679 3486 715 3539 ad
733 3486 833 3543 Aeseh.
848 3486 923 3541 Choe
945 3487 971 3541 h.
991 3505 1016 3540 v.
1032 3492 1080 3540 172
1098 3501 1126 3552 p.
1140 3489 1190 3538 418

113 3554 338 3631 componebant,
366 3553 443 3620 quod
469 3554 545 3621 apud
572 3552 627 3606 He·
679 3569 720 3620 sq.
740 3556 778 3622 (p.
791 3560 841 3607 217
860 3555 903 3608 ed.
948 3555 996 3621 al.)
1016 3556 1046 3606 et
1063 3555 1096 3605 A.
1110 3551 1191 3604 Seid·

113 3620 245 3691 syohium
267 3622 298 3674 et
317 3620 347 3674 in
368 3621 456 3674 Bekk.
475 3621 580 3679 Aneod.
598 3638 627 3689 p.
678 3621 767 3675 lerum
786 3622 824 3675 ad
841 3621 944 3676 Electr.
962 3639 986 3674 v.
1001 3625 1059 3674 525.
1087 3617 1190 3671 Simili·

112 3694 166 3744 389
181 3690 340 3770 τοφμκεθλι
360 3685 540 3767 ἀμφιτρυχῆ·
559 3707 627 3742 κατ·
678 3690 722 3743 ter
733 3688 826 3766 ‘Plato
854 3688 882 3741 in
897 3687 1039 3775 KPhaedro
1062 3703 1090 3770 p.
1102 3692 1153 3767 319
1165 3685 1191 3738 Α

112 3755 409 3890 diffinitus?
427 3771 629 3891 δὲἓδίἕλῗτ
679 3758 1190 3902 tttttttitoiivtai‘}mittitis.

113 3907 174 3945 non
195 3890 349 3945 molestum
376 3899 418 3946 est
442 3892 509 3959 post
527 3888 628 3959 δυσόρ-
680 3891 888 3944 R1s1tfortasse
906 3890 1090 3960 hune1psum
1109 3844 1190 3941 duri-

115 3978 225 4028 φναια,
257 3959 308 4014 sed
334 3960 434 4014 eodem
460 3960 545 4012 modo
572 3975 628 4026 quo
679 3958 753 4026 pidis
774 3959 867 4011 loeum
889 3957 1004 4012 Strattis
1032 3974 1078 4027 sp.
1097 3956 1191 4009 Pollu·

114 4043 142 4081 τ.
166 4032 218 4083 836
247 4025 340 4094 accipi
367 4028 470 4096 potest.
522 4025 578 4081 Ofr.
602 4043 628 4080 v.
681 4025 909 4079 eom-V1156.—
928 4029 981 4087 τᾶς
998 4022 1191 4093 ἀποζυγείσας

116 4098 297 4150 1068-1071.
681 4090 792 4161 δόμων,
817 4095 893 4159 quod
917 4094 990 4148 alter
1006 4093 1126 4147 fratrum
1144 4108 1189 4146 re-

149 4160 187 4219 V.
199 4168 250 4218 327
263 4178 323 4231 sqq.
344 4161 519 4217 Sententiam
528 4163 629 4215 horum
680 4162 773 4213 motus
801 4178 819 4214 a
845 4162 943 4228 domo,
976 4161 1048 4215 alter
1071 4176 1089 4215 a
1109 4161 1192 4228 patre

117 4246 251 4285 versuum
276 4230 353 4284 reete
380 4230 524 4298 expedivit
550 4230 630 4285 soho-
681 4228 823 4284 seiunctus
841 4232 914 4285 etat.

170 4324 252 4374 amp.
280 4326 327 4367 Vol
340 4327 374 4366 H.
393 4326 452 4370 sset.
467 4329 509 4369 IV.
980 4321 1000 4369 t
