2520 4590
550 203 740 255 uremur.
1138 206 1182 272 59

220 363 284 436 οὐκ
302 363 377 435 ἔσθ’
399 362 453 435 ὅδ’
474 363 574 447 ἄλλος
591 363 666 434 άντλ
685 369 750 435 σοῦ
768 367 904 454 παιδός,
924 370 1043 455 γέρον.

219 470 325 561 δεῦρ’,
345 463 371 541 ὦ
388 470 491 559 τέκν’,
510 472 742 561 ἐκκρήμνασθε
761 473 924 566 πατρρέων
942 476 1091 560 πέπλων,
1126 495 1181 544 520

219 576 261 647 ἴτ’
283 581 463 666 ἐγκονεῖτε,
482 577 527 666 μὴ
546 576 678 666 μεθῆτ’,
697 582 768 648 ἐπεὶ
787 580 872 661 Διὸς

218 688 368 775 σωτῆρος
385 681 466 772 ὑμῖν
486 681 588 754 οὐδέν
606 682 681 754 ἐσθ’
703 683 756 754 ὅδ’
777 683 924 776 ὕστερος.

525 855 753 941 ἨΡΑΚΛΗΣ

218 956 245 1034 ὦ
263 979 372 1053 χαῖρε,
390 967 560 1054 μέλαθρον
578 965 732 1054 πρόπυλά
750 963 787 1034 θ’
809 967 919 1047 ἑστίας
938 969 1032 1055 ἐμῆς,

219 1067 265 1152 ὡς
284 1069 427 1159 ἄσμενός
446 1068 479 1139 σ’
500 1074 632 1141 ἐσεῖδον
649 1074 683 1153 ἐς
702 1072 789 1160 φάος
808 1072 930 1159 μολω’ν.

219 1183 270 1245 ἔα·
298 1185 334 1246 τί
348 1180 472 1267 χρῆμα;
490 1175 580 1247 τέκν’
603 1174 672 1264 ὁρῶ
691 1178 756 1266 πρὸ
776 1178 940 1266 δωμάτων
1129 1200 1182 1250 526

219 1292 392 1371 στολμοῖσι
409 1287 539 1373 νεκρῶν
557 1287 679 1373 κρᾶτας
698 1287 913 1372 ἐξεστεμμένα

219 1387 307 1481 ὄχλῳ
325 1387 355 1458 τ’
376 1393 414 1458 έν
433 1387 570 1479 άνδροῖν
588 1389 650 1478 τὴν
670 1389 753 1479 ἐμὴν
771 1391 953 1479 ξυνάορον,

216 1498 342 1586 πατέρα
360 1523 395 1565 τε
414 1497 607 1584 δακρύοντα
626 1495 804 1585 συμφορὰς
821 1503 928 1578 τίνας;

217 1599 294 1692 φέρ’
316 1602 514 1690 ἐκπύθωμαι
532 1605 639 1672 τοῖνδε
657 1608 800 1689 πλησίον
820 1609 971 1689 σταθείς,

215 1715 252 1777 τί
267 1708 388 1778 καινὸν
405 1700 490 1797 ἦλθε
507 1715 620 1779 τοῖσδε
640 1709 792 1796 δώμασιν
810 1711 914 1797 χρέος.
1129 1729 1183 1779 030

108 1931 180 2002 φημὶ
195 1926 355 2001 κάπόφημι,
371 1927 442 1984 κοάκ
453 1929 506 2000 ἔχω
521 1933 550 1984 τί
562 1931 616 2000 φῶ,
707 1929 741 1984 V.
761 1936 822 1986 521.
851 1925 922 1991 Διὸς
945 1931 1081 2001 σωτῆρος]
1101 1929 1180 1984 ouius

107 2003 182 2058 idem
200 2001 272 2057 facit
285 2003 401 2072 Megara
418 2003 494 2071 apud
507 2001 617 2071 Euripi·
672 2019 750 2056 aram
758 2003 819 2054 tum
829 2000 998 2057 insidebant.
1018 2001 1090 2056 Vide
1100 2020 1126 2055 v.
1136 2007 1180 2057 48.

109 2074 181 2129 dem.
219 2073 299 2138 Quae
321 2090 385 2127 oum
407 2073 530 2143 primum
553 2090 618 2127 oon·
707 2073 740 2126 V.
765 2077 825 2126 525.
856 2070 902 2140 ἔοι,
926 2074 956 2125 τί
971 2072 1090 2143 χρῆμας]
1116 2073 1183 2127 For·

109 2144 200 2214 spexit
231 2144 394 2211 Herculem,
427 2144 495 2212 quid
525 2143 619 2213 potuit
672 2144 749 2198 mula
780 2160 840 2197 rem
872 2142 1095 2212 inexspectatum
1130 2143 1182 2197 mi-

110 2215 186 2270 aliud
208 2232 294 2283 quam
318 2232 382 2269 eum
404 2214 498 2283 ipsum
521 2215 617 2269 adesse
671 2214 768 2268 rantis.
810 2214 908 2267 Aesoh.
937 2215 1030 2268 Prom.
1059 2220 1111 2269 298
1139 2211 1183 2280 έα,

109 2289 221 2355 putare,
240 2285 319 2339 ouius
337 2286 444 2355 speeies
463 2286 550 2340 oculis
569 2287 617 2340 ob·
672 2288 702 2338 τί
713 2286 818 2354 χρῆμα;
833 2284 882 2338 καλ
897 2279 931 2338 σύ
947 2284 983 2352 δὴ
994 2279 1090 2338 πόνων
1106 2280 1182 2351 ἐμῶν

109 2358 291 2412 versabatur?
328 2357 383 2410 Sed
406 2357 475 2425 quid
492 2360 552 2410 tam
570 2374 617 2410 va·
666 2352 760 2417 Ἥκεις
780 2351 917 2422 indutum
944 2356 997 2424 Ag.
1019 2361 1095 2421 1306,
1114 2354 1182 2412 Cho.

109 2445 174 2481 num
184 2430 228 2482 eet
237 2429 352 2495 tamque
367 2428 527 2495 absurdum,
542 2427 617 2495 quod
673 2432 733 2480 885.
776 2425 872 2494 Eurip.
902 2425 948 2480 Or.
978 2431 1047 2481 1573
1082 2425 1128 2495 iu,
1155 2428 1185 2481 τί

110 2514 163 2552 non
173 2498 271 2552 videre
281 2497 411 2552 videatur
423 2514 501 2551 mens
511 2500 618 2567 perter-
672 2498 780 2566 χρῆμα;
790 2494 946 2566 λαμπάδων
956 2491 1012 2565 ὁρῶ
1024 2498 1113 2560 σέλας.
1124 2498 1181 2552 An-

110 2568 163 2623 rita
185 2566 288 2623 malis?
326 2569 514 2634 Quamobrem
536 2568 617 2623 fortis
672 2571 760 2622 drom.
777 2575 836 2624 896.
856 2568 1180 2639 Hipp.905.Supp1.9a.

110 2656 141 2693 ao
154 2640 279 2709 prudens
293 2639 402 2707 mulier,
420 2656 493 2707 quae
507 2642 536 2694 et
548 2659 617 2694 nun·
708 2641 740 2696 V.
752 2646 812 2693 526.
828 2644 969 2709 στολμοῖσι
978 2640 1096 2707 νεκρῶν,
1106 2640 1182 2693 idem

109 2711 210 2764 tiatam
229 2710 358 2764 Herculis
381 2712 501 2765 mortem
520 2712 618 2765 memi-
672 2712 747 2779 quod
761 2727 846 2778 supra
859 2728 885 2763 v.
900 2715 952 2762 442
970 2709 1121 2778 φθιμένων
1137 2707 1181 2764 ἔν-

109 2781 195 2836 nisset
221 2783 251 2835 et
268 2781 462 2836 nuntiantibus
485 2782 617 2836 credidis·
671 2785 756 2846 δοιά,
778 2780 846 2848 quid
869 2780 996 2848 intellegi
1015 2780 1131 2846 debeat,
1150 2782 1180 2834 et

109 2856 159 2921 set,
177 2852 277 2906 statim
295 2853 330 2906 de
345 2869 395 2906 sua
408 2852 472 2921 ipsa
485 2853 616 2923 opinione
671 2870 705 2906 ex
728 2852 768 2905 eis
795 2867 868 2919 quae
896 2853 1051 2917 sequuntur
1075 2851 1183 2919 κρᾶτας

109 2923 270 2994 gaudioque
288 2922 375 2977 dubia
391 2924 425 2978 fit
446 2926 476 2977 et
494 2940 528 2977 ne
546 2924 616 2993 vigi·
672 2919 861 2991 ἐξεστεμμένα
881 2923 909 2974 et
927 2937 961 2974 ex
979 2921 1072 2974 verbis
1086 2939 1112 2978 v.
1128 2927 1180 2975 562

108 2994 169 3049 lans
188 2993 319 3061 somniet,
337 3000 457 3048 veretur.
485 2994 551 3048 Mox
565 2995 617 3048 has
671 2989 756 3047 τάσδε
780 2987 932 3061 περιβολὰς
959 2987 1050 3061 κόμης
1077 3008 1180 3062 eogno-

109 3064 300 3120 dubitationes
309 3065 397 3119 abicit
406 3067 500 3120 etnon
509 3066 618 3120 somnia
671 3063 766 3119 scitur.

108 3136 211 3192 mentis
234 3136 309 3191 male
332 3153 431 3204 sanae,
457 3137 507 3191 sod
524 3137 618 3206 ipsum
707 3134 741 3188 V.
756 3139 816 3188 530.
836 3133 891 3188 Cfr.
910 3133 943 3190 fr.
965 3140 1034 3189 1000
1053 3135 1083 3188 τί
1099 3132 1182 3203 χρέος

107 3207 196 3262 filium
208 3224 238 3262 se
248 3223 360 3261 eernere
371 3208 480 3263 statuit.
491 3240 524 3247 —
539 3207 618 3261 ‘Ver-
674 3203 726 3276 ἔβα
744 3204 843 3274 δῶμα;

99 3278 176 3343 ‘bum
184 3279 312 3346 κηραίνω
322 3279 397 3348 apud
407 3279 479 3333 alios
490 3281 618 3332 auctores
708 3277 742 3331 V.
762 3283 822 3331 531.
850 3276 985 3330 Hercules
1007 3276 1121 3345 quidem
1145 3292 1180 3330 ex

143 3366 264 3416 narum,
274 3349 357 3403 valde
367 3348 618 3418 frequentatPhilo
672 3347 708 3401 iis
725 3347 806 3417 viris,
830 3363 845 3400 e
869 3347 971 3415 quibus
998 3349 1097 3402 chorus
1117 3362 1182 3401 oon-

121 3420 237 3475 udaeus.
265 3420 350 3488 Apud
364 3436 428 3474 eum
439 3437 550 3488 semper
559 3419 618 3474 fere
673 3419 781 3486 stabat,
807 3434 941 3486 quaerere
964 3418 1090 3484 volebat,
1113 3415 1183 3485 quid

109 3490 146 3560 τῷ
157 3496 255 3544 νοσεῖν
270 3491 465 3560 aequipollet'.
483 3490 619 3545 Musae.
675 3488 772 3543 domui
786 3505 853 3542 suae
866 3488 1026 3554 accidisset3
1042 3502 1182 3540 eumvero

110 3560 188 3616 Gonf.
204 3560 289 3630 Hipp.
306 3568 366 3618 223.
378 3562 463 3632 Soph.
474 3563 573 3616 Traoh.
585 3567 620 3616 28
675 3560 790 3628 propius
804 3559 977 3625 accessisset,
991 3574 1042 3612 neo
1051 3556 1109 3609 iam
1118 3555 1182 3623 quis

110 3627 158 3687 ιἰεί
172 3629 230 3687 τιν’
251 3629 284 3687 ἐκ
303 3629 397 3706 φόβον
417 3630 509 3704 φόβον
523 3632 619 3701 τρέφω
666 3632 749 3684 <esset
766 3629 889 3684 dubitari
903 3629 1007 3698 posset,
1026 3626 1102 3707 prior
1115 3626 1182 3679 Am-

110 3706 217 3758 Κείνον
235 3706 474 3772 προκηροιίνοοσα.
674 3701 789 3771 phitryo
825 3699 915 3754 filium
953 3698 1114 3765 alloqmtur.
1147 3727 1181 3736 -

144 3774 178 3830 V.
194 3779 256 3830 519.
275 3775 317 3828 De
330 3793 384 3829 usu
401 3774 620 3845 praepositionis
675 3767 750 3841 φάος
773 3772 790 3827 i.
810 3789 836 3837 q.
860 3764 960 3854 φωτήρ.
1002 3768 1083 3855 lions.
1108 3767 1182 3852 Ι1,θ

112 3838 175 3900 άντλ
197 3845 264 3900 vide
286 3863 351 3902 ann.
376 3846 411 3900 ad
434 3847 531 3901 Helen.
559 3851 621 3899 orl.
675 3850 727 3898 282
743 3838 822 3915 βάλλ’
839 3860 935 3906 ουτως,
953 3840 989 3892 αἵ
997 3858 1049 3892 κεν
1062 3859 1089 3891 τι
1103 3858 1183 3907 φοως

111 3916 189 3971 Adde
219 3916 303 3972 Isocr.
330 3917 420 3984 Epist.
444 3917 483 3970 IX
508 3923 540 3971 17
567 3911 620 3970 οὐκ
676 3920 815 3967 Δαναοῖσι
834 3911 943 3997 μτένηοιι.
973 3915 1056 3976 ρ615
1076 3909 1180 3984 καὶτῷ

111 3979 148 4040 άν
169 3983 272 4050 ἄλλους
299 3982 372 4041 ἄνθ’
399 3982 481 4058 ἡμῶν
505 4007 621 4056 προκρι-
675 3984 728 4054 μὲν
748 3979 822 4051 φάος
839 3984 944 4049 ηλθεν,
966 3976 1058 4050 άμονε
1082 3978 1115 4035 δὲ
1134 4001 1182 4050 νη-

111 4057 209 4126 θῆναι.
675 4055 736 4116 λεὲς
763 4045 847 4122 ἦμαρ.
893 4050 992 4106 Cicero
1019 4050 1092 4105 Phil.
1116 4052 1142 4106 X
1165 4059 1182 4107 6

144 4129 178 4184 V.
194 4135 257 4184 620.
276 4129 376 4200 δεῦρο]
395 4129 414 4183 i.
429 4147 453 4185 e.
468 4130 555 4198 δεῦρο
570 4131 620 4182 ἴτε.
675 4128 726 4179 lux
745 4130 770 4178 et
783 4139 842 4191 spes
855 4124 963 4178 salutis.
986 4122 1064 4177 Conf.
1080 4122 1180 4177 Sohae-

114 4198 146 4255 V.
155 4200 387 4256 Stallb.edPlat.
397 4200 492 4271 Lysid.
501 4199 621 4270 paoeB.
674 4197 725 4251 fer.
749 4195 786 4249 ad
811 4194 894 4264 Soph.
919 4194 963 4250 El.
987 4199 1066 4250 1220
1084 4223 1118 4234 -
1143 4191 1186 4256 εδς
