2520 4590
114 277 172 340 tto
468 270 768 340 EURIPIDIS

110 449 249 524 μέλλοντ’
280 451 408 538 ἀδελφὴ
439 450 601 535 σύγγονον
627 462 859 518 κατακτανεῖν.

469 553 801 620 ΜΕΝΕΛΑΟΣ.

110 651 179 718 ἀλλ’
211 653 287 719 οὐδὲ
312 655 380 739 μὴν
408 656 490 731 ναῦς
512 656 611 730 ἔστιν,
637 646 658 748 ᾗ
685 658 855 738 σωθεῖμεν
879 650 925 718 ἂν

112 754 305 844 ηευγοντες·
328 753 369 835 ἣν
393 754 457 839 γάρ
480 757 609 840 εἴχομεν
639 753 784 820 θάλασσῗ
817 761 888 840 ἔχει.

518 859 547 921 Ε
553 860 588 924 Λ
597 860 629 922 Ε
634 859 669 922 Ν
674 860 722 924 Η.

111 954 268 1032 ἄκουσον,
295 947 335 1036 ἢν
361 981 392 1021 τι
419 961 473 1022 καὶ
500 955 583 1039 γυνὴ
610 956 683 1050 λέξη
706 952 828 1048 σοφόν.

112 1055 220 1140 βούλει
249 1060 408 1140 λέγεσθαι
432 1055 477 1140 μὴ
505 1058 628 1125 θανὼν
655 1060 742 1144 λόγῳ
771 1061 914 1138 θανεῖν,

460 1161 501 1225 Μ
512 1163 540 1225 Ε
544 1163 580 1226 Ν
588 1163 618 1226 Ε
622 1163 658 1227 Λ
666 1165 697 1226 Α
709 1163 735 1225 0
744 1161 789 1225 Σ.

114 1257 215 1335 κακὸς
239 1264 300 1344 μὲν
326 1256 435 1345 ὄρους’
464 1266 492 1327 εἰ
517 1264 551 1328 δὲ
579 1264 725 1348 κερδανῶ
752 1265 865 1346 λέγων,

125 1499 138 1516 „
183 1458 216 1506 V.
236 1457 313 1512 1050.
350 1455 417 1524 λόγῳ
436 1458 540 1519 θανεῖν,
558 1467 655 1508 temere
672 1473 774 1509 eversu
789 1458 866 1511 1052.
878 1458 929 1507 huc
940 1459 966 1506 ill

116 1527 372 1584 Kirchhofiius,
392 1527 544 1593 τεθνηκέναι
567 1536 676 1578 auctore
693 1527 797 1578 Cobeto
814 1529 932 1577 restituit
949 1528 966 1576 1

186 1598 216 1647 V.
240 1599 316 1653 1051.
353 1598 434 1662 λέγειν
452 1596 519 1648 Ood.
540 1598 569 1649 C.
589 1597 669 1662 λέγων
687 1598 879 1648 Barnesius.

114 1766 206 1829 χρῆται
242 1761 283 1815 οἷο
317 1766 405 1830 λέγειν.
442 1767 596 1830 Xenoph.
648 1767 753 1816 ridetur
783 1767 954 1816 collocationi

115 1835 214 1884 Oecon.
228 1836 294 1897 XX,
305 1837 346 1891 27.
369 1837 507 1886 Plautus
525 1837 597 1884 Mer·
650 1835 805 1886 PFLUGK.
829 1831 909 1885 Recte
927 1834 959 1884 G.

115 1910 167 1954 cat.
183 1904 239 1961 111,
257 1904 287 1963 4,
312 1906 360 1958 56:
384 1903 453 1970 [641.
472 1903 596 1969 nitunt]
649 1922 708 1956 nus
728 1907 882 1967 adnotavit,
902 1907 966 1954 etiat

117 1989 180 2023 non
209 1974 379 2026 hominem
414 1977 507 2036 mihi,
542 1977 598 2024 sed
648 1977 722 2026 tendi
740 1982 832 2040 posset
846 1973 966 2039 λέγεσθαι

117 2043 333 2094 thensaurum
359 2047 476 2095 nescio
507 2061 598 2109 quem
650 2047 683 2095 de
704 2061 800 2109 genere
822 2045 883 2094 vide
906 2045 966 2093 etia]

115 2127 279 2164 memoras
313 2115 398 2173 mali.
467 2114 598 2166 conferas
650 2116 711 2164 tulit
729 2119 762 2164 A.
781 2115 946 2164 Matthiae

116 2183 197 2233 etiam
219 2183 419 2235 adnotationem
444 2185 479 2235 ad
496 2185 598 2235 Hecub.
648 2202 674 2250 p.
688 2183 757 2247 286„
767 2191 855 2234 tamen
873 2185 966 2232 valde?

116 2251 176 2306 670.
195 2250 353 2303 PFLUGK.
649 2271 707 2304 esse
742 2261 896 2319 propterea,
931 2269 966 2317 qu

152 2319 182 2372 V.
201 2320 278 2376 1049.
315 2319 352 2386 ἤν
373 2339 451 2371 ττ-
470 2317 598 2386 σοφόν]
649 2325 737 2374 verbis
760 2319 794 2387 μὴ
821 2317 914 2371 θανών
945 2325 966 2370 ir

117 2391 297 2456 Xenoph.
323 2390 421 2458 Cyrop.
447 2391 483 2450 II,
501 2391 531 2458 4,
552 2391 597 2443 16:
650 2396 739 2443 statim
758 2394 835 2443 aliter
853 2400 966 2441 uteretur

115 2458 197 2510 ἄκουε
214 2465 302 2510 τοίνυν
321 2491 353 2499 -
375 2457 407 2526 ἥν
426 2477 447 2511 τι
467 2478 508 2510 σοι
528 2458 599 2522 δόξω
650 2463 702 2513 Sed
721 2471 809 2512 tamen
821 2463 887 2510 illud
898 2463 966 2510 minu

117 2531 206 2594 λέγειν.
222 2533 328 2581 Electra
342 2549 367 2580 v.
380 2531 446 2583 109:
466 2528 600 2594 ἑζώμεσθα
650 2534 763 2592 videtur,
776 2533 848 2595 quod
865 2533 922 2594 Ipse
941 2534 966 2580 dt

117 2596 317 2661 κάκπυθώμεθα
337 2598 446 2664 Acritas
467 2596 600 2664 yvuatuo'e,
650 2603 803 2652 coniectura
827 2602 926 2649 edidit:
950 2601 966 2664 ῥ

118 2667 150 2735 ἤν
169 2686 191 2719 τι
207 2664 351 2734 δεξώμεσθ’
370 2662 442 2727 Inoa}
460 2663 516 2733 Ἐφ’
536 2663 600 2730 οἷσι,
652 2671 729 2734 σθαι,
751 2667 785 2734 μὴ
808 2667 902 2719 θανών
925 2671 966 2734 ἕρ)

120 2735 238 2805 Πυλάδη,
258 2733 327 2805 τήνδ’
349 2733 484 2806 ἀφίγμεθα
504 2736 599 2802 χθόνα.
650 2740 712 2791 Una
733 2742 803 2791 ratio
827 2741 966 2790 defendent

120 2810 150 2861 i’.
175 2811 209 2860 ad
228 2811 357 2860 Androm.
375 2808 418 2864 44.
445 2807 599 2861 PFLUGII.
651 2809 680 2861 C.
705 2811 871 2862 auctoritatis
895 2810 961 2858 mihi

151 2880 186 2929 V.
206 2880 283 2934 1050.
310 2875 406 2948 Λόγῳ
425 2874 543 2929 θανεῖν
561 2887 601 2928 est
651 2881 966 2939 videtur,utdicamus1

118 2958 285 3002 mortuum
309 2951 391 3009 dici,
417 2951 480 3002 dum
507 2963 600 3012 reapse
651 2953 693 3001 nis
721 2951 859 3000 avertendi
883 2964 962 2999 eausa

119 3021 203 3069 vivos.
233 3020 270 3069 Ut
288 3021 315 3070 in
335 3018 520 3086 Sophoclis
538 3019 597 3068 Ele·
652 3029 678 3070 et
714 3021 901 3082 circumspecte
929 3019 966 3067 lor

119 3094 176 3138 stra
187 3105 212 3137 v.
223 3088 272 3142 59:
292 3088 373 3154 τίγάρ
385 3092 500 3150 μελανεῖ
515 3082 600 3148 τοῦθ’,
652 3091 793 3151 Heronem,
821 3095 850 3137 ut
890 3090 966 3138 omni:

122 3152 184 3204 ὅταν
196 3153 266 3221 λόγῳ
279 3156 602 3225 θατ’σ1νἙργοτσισωθο3;
652 3158 754 3223 species
771 3166 960 3208 removeretur.

118 3225 187 3275 lilud
205 3241 269 3276 vero
292 3242 345 3277 non
369 3235 426 3279 sine
446 3230 599 3292 pleonasmo
687 3227 721 3276 V.
733 3227 810 3280 1051.
842 3224 966 3288 κακὸεμ

119 3294 230 3351 dicitur,
253 3292 374 3359 λέγεσθαι
401 3295 469 3364 λόγῳ
498 3295 599 3356 θανεῖν,
653 3297 754 3346 Omen
785 3299 920 3360 quidem
952 3299 962 3346 i

119 3365 195 3414 cuius
214 3365 299 3414 simite
317 3367 388 3428 apud
406 3365 599 3416 Demosthe·
652 3367 729 3426 lum,
771 3367 827 3416 scii.
866 3367 960 3415 θανεῖν

119 3448 189 3484 nem
208 3435 382 3498 cAristogit.
396 3435 460 3500 ii.§.
472 3435 521 3488 232
540 3432 603 3483 toris
653 3437 844 3499 Aeschylus
860 3437 954 3501 fragm.

119 3501 165 3565 μὲν
185 3499 333 3565 φάσκοντας
351 3500 462 3554 τούτους
479 3505 515 3571 τῷ
533 3500 601 3570 λόγῳ
652 3522 678 3569 p.
696 3504 757 3557 338·
778 3507 817 3553 ed.
837 3507 928 3556 Herm.
947 3523 964 3555 n

120 3573 205 3637 ,φιλεῖν
214 3567 290 3634 ὑμᾶς,
301 3574 398 3638 χαίρειν
408 3572 508 3625 ἐάσατε.
530 3575 601 3623 I’hi-
652 3574 694 3624 ed.
713 3573 831 3638 Nauck]
857 3573 954 3641 ὄρνιθα

121 3647 190 3695 iem.
208 3644 260 3693 Ine.
281 3642 336 3692 fab.
360 3645 393 3693 Ir.
408 3645 447 3693 V:
468 3645 553 3707 Μετζυ
573 3639 603 3692 τὰ
654 3658 682 3693 σε
694 3644 740 3707 τηε
751 3641 814 3708 ἑμῆε
834 3640 908 3695 ὁδοῦ.
929 3645 966 3695 Co

122 3707 187 3763 κσκᾶ
216 3712 323 3762 ποιοῦσι
350 3714 452 3776 πολλοί,
473 3712 602 3775 Αδέσττοτσ,
653 3714 778 3764 Pseudol.
805 3714 840 3776 11,
864 3716 895 3774 4,
922 3716 963 3768 22.

122 3776 204 3835 Αὐτοὶ
228 3775 259 3832 δι’
282 3776 383 3832 orituris
406 3778 422 3847 ἢ
450 3782 550 3846 πέφυκε
573 3786 602 3847 τῇ
653 3785 760 3833 Heracl.
786 3783 844 3838 730.
872 3803 897 3851 p.
922 3787 966 3840 105

121 3850 216 3916 φύσει,
234 3852 280 3902 ubi
307 3851 366 3903 vide
384 3850 602 3902 Meinekium.
656 3852 810 3903 PFLUGK.

122 3923 199 3972 Conf.
225 3922 364 3973 Porson.
388 3922 423 3972 ad
445 3921 517 3971 Med.
541 3920 602 3973 289.
690 3923 719 3971 V.
738 3921 815 3976 1054.
853 3921 935 3988 nocis

122 3991 289 4043 Lobeck.
313 3993 347 4042 ad
373 3991 473 4056 Phryn.
497 4007 521 4055 p.
541 3990 601 4044 754.
655 3991 939 4056 orov]0rcst.1121=
959 4013 966 4058 η

123 4057 228 4110 Similia
251 4063 302 4112 ista
325 4062 395 4125 diri,
418 4076 471 4112 non
493 4075 604 4126 prorsus
653 4055 735 4124 αὐτὴν
769 4057 919 4124 θησόμεσθ’
950 4061 966 4114 ἃ

123 4128 239 4178 eiusdem
257 4133 374 4195 generisr
386 4144 473 4196 neque
485 4131 555 4181 enim
575 4131 603 4180 In
654 4131 826 4185 Phoenttts
839 4129 889 4197 ἐγώ
900 4131 927 4181 δὲ
946 4152 966 4183 τι

123 4199 166 4250 his
180 4199 338 4264 Euripidcis'
350 4201 417 4251 nihii
436 4200 603 4252 tribuendum
654 4197 702 4264 κήν
720 4197 867 4264 ἐμεμψάμην
881 4198 944 4267 Ἤδη
964 4224 966 4252 ;
