2520 4590
435 272 673 339 HELENA.
1018 280 1075 340 itt

72 459 123 521 τῶν
150 452 399 519 κατθανόντων
426 455 463 545 ζῇ
488 456 550 535 μὲν
577 447 629 528 ού,
656 451 792 535 γνώμην
820 450 850 516 ‹l'
884 457 945 537 ἔχει
996 465 1076 528 1015

69 555 258 637 ι’θοίνατοκ,
285 561 330 631 είς
356 553 545 619 ἀθάνατον
570 552 679 637 αἰθέρ’
712 551 872 637 ἐμπεσών.

68 647 185 737 ὄςούν
214 661 360 741 περαίνω
385 653 431 738 μὴ
456 653 603 740 μακράν,
627 652 808 740 σιγήσομαι

67 756 85 825 ἦ
105 784 169 843 μου
194 753 464 837 καθικετεύσατ’,
492 754 570 822 ovidi
595 760 706 841 μωρία

66 858 240 947 ξύμβουλος
267 866 384 943 ἔσομαι
410 859 472 925 τοῦ
498 854 701 941 κασιγνήτου
728 862 818 922 ποτέ,

66 961 208 1047 τύεργετῶ
237 987 303 1045 γαρ
328 973 439 1027 κεῖνον
465 955 506 1025 ού
533 955 663 1026 tonsuri
695 953 793 1043 ὅμως,
995 969 1075 1033 1020

66 1065 303 1146 ᾶδυςσεβείας
326 1059 420 1128 ὅσιον
447 1066 475 1126 εί
501 1063 625 1144 τίθημί
652 1085 713 1127 νιν.

67 1162 149 1231 sicut
174 1168 240 1248 μὲν
269 1153 331 1230 οὗν
353 1159 417 1244 τὴν
441 1157 558 1241 ἔξοδόν
582 1158 608 1244 γ’
639 1158 811 1245 εὑρίσκετε,

68 1266 114 1349 tyri
142 1264 171 1331 δ’
198 1263 367 1333 ἀποστᾶσ
397 1260 544 1331 ἐκποδῶν
569 1261 758 1346 σιγήσομαι.

69 1371 177 1435 ίετῶν
208 1368 304 1432 θεῶν
332 1363 363 1430 d'
394 1363 543 1451 ἄρχεσθε
568 1362 748 1450 χὶκετεύετε

71 1466 114 1549 sip
134 1478 196 1554 μέν
227 1465 249 1533 ιε’
283 1470 379 1533 ἐᾶσαι
406 1468 551 1550 πατρίδα
579 1467 741 1547 νοστῆσαι
768 1458 913 1548 Κύπριν,
993 1476 1075 1544 1025

72 1566 152 1653 Ἥρας
180 1573 219 1636 δὲ
249 1567 313 1647 τὴν
339 1574 475 1636 ἔννοιαν
497 1575 533 1632 ἐκ
559 1565 672 1650 τούτῷ
700 1572 819 1648 μένειν,

119 1751 147 1800 V.
166 1749 357 1803 tuta-1016.
393 1751 529 1799 damnavit
546 1748 755 1798 Dindorfius.

119 1822 150 1870 V.
174 1820 258 1873 1017.
297 1820 414 1883 παραίνεε
433 1818 633 1883 Stephanus.
659 1818 778 1883 παραινῶ
795 1815 863 1867 Cod.
883 1814 912 1865 C.
932 1822 1075 1872 secundum

64 1904 139 1955 apogr.
160 1891 268 1941 Pariss.

121 1962 152 2008 V.
171 1959 255 2014 1019.
294 1957 323 2018 τῇ
342 1954 666 2021 κασιγνήτοοθοίκεοεο
676 1974 696 2007 ε.
718 1957 765 2004 τοῦ
784 1952 943 2019 κασιγνήτου
962 1956 1029 2009 cod.
1046 1961 1075 2009 C.

117 2031 149 2079 V,
169 2029 253 2083 1021.
289 2023 319 2089 ἕξ
336 2021 514 2092 είσεβείαε-
526 2026 615 2091 τίθημι
628 2027 677 2076 νῦν
690 2026 757 2077 Cod.
769 2026 798 2075 C.
815 2026 958 2076 secundum
980 2044 1075 2095 apogr.

64 2096 150 2150 larisa.
169 2098 202 2150 ἑκ
222 2095 379 2158 δυεσεβείαε
397 2126 427 2134 -
448 2095 540 2160 τίθημί
555 2115 596 2146 νιν
613 2097 797 2146 Brodaeus.

60 2268 92 2317 p.
110 2251 157 2303 Gr.
183 2253 211 2316 ξ.
237 2251 299 2306 121.
323 2252 358 2299 A.
381 2251 408 2300 b.
430 2267 455 2314 p.
478 2251 537 2305 632.
592 2249 756 2314 σμοὺεθεῷ.
776 2246 934 2301 PFLUGK.

59 2324 92 2373 td.
111 2325 195 2388 sept]
217 2319 378 2372 PFLUGK.
627 2323 658 2371 V.
690 2321 769 2375 1022·
811 2312 905 2368 αύτοί
933 2319 988 2381 μὲν
1016 2315 1076 2373 οὖν

86 2393 116 2443 V.
146 2391 251 2445 1014—
272 2389 348 2442 1016.
402 2388 539 2440 Sententia
591 2388 648 2455 τὴν
677 2385 794 2452 ἔξοδόν
829 2390 851 2452 γ’
884 2383 1074 2458 εὑρίσκετε]

60 2476 84 2509 ex
104 2464 257 2526 Anagorae
287 2460 462 2509 contubernio
491 2462 538 2510 du·
592 2461 689 2510 l'ersus
708 2476 763 2509 nun
790 2460 920 2522 optimus,
940 2462 987 2511 sed
1007 2463 1076 2514 bona

60 2540 101 2580 ets:
119 2549 204 2596 quam
223 2531 369 2594 explicavit
383 2530 537 2578 Valcken.
590 2538 677 2580 tamen
696 2530 836 2578 sententis.
866 2527 898 2577 G.
917 2529 1013 2581 Herm
1023 2549 1075 2582 an-

59 2599 185 2652 llistribcs
218 2615 279 2664 cap.
309 2598 349 2648 Vl.
373 2602 397 2662 9.
424 2598 537 2653 54—57.
590 2616 665 2662 nus,
691 2601 778 2649 verbis
808 2600 976 2663 transpositis
1010 2605 1074 2652 scri-

61 2670 90 2721 tt.
115 2669 338 2722 Schaubsch.
362 2670 395 2718 de
413 2669 538 2732 Anaxag.
590 2671 643 2733 psit
655 2666 729 2719 αὐτοὶ
739 2667 784 2730 μὲν
803 2661 853 2717 οὖν
876 2663 1002 2732 εὑρίσκετ’
1015 2672 1073 2734 ἕξο-

61 2741 146 2803 1135
174 2756 237 2804 sqq.
265 2736 421 2789 PFLUGK.
457 2739 539 2789 Recte
591 2738 638 2787 δόν
659 2755 720 2790 τινα.
757 2739 927 2788 Nunokius
946 2741 1074 2791 lenlorem

60 2810 192 2862 simtavit
222 2807 257 2858 G.
283 2809 538 2858 Hermannue
590 2811 748 2859 medicinam
773 2817 880 2858 auctore
899 2809 978 2858 Fixio
997 2812 1074 2861 adbi-

60 2883 142 2931 nerito
163 2881 236 2929 haec
259 2879 383 2927 laudasse
404 2878 538 2928 llalcke·
589 2880 655 2935 buit,
674 2881 735 2927 dum
755 2877 859 2927 scribit:
874 2871 1006 2941 αύιοίμὲν
1024 2871 1075 2929 σύν

59 2953 185 3000 sarium
204 2950 234 2997 in
260 2947 376 2998 diatriba
393 2948 426 2996 de
445 2948 538 3012 fragm.
590 2943 635 2997 τιν’
647 2945 741 3010 ίξοδόν
755 2942 777 3013 γ’
791 2942 930 3009 εὑρίσκετε,
943 2949 988 3010 qui
1003 2956 1074 2998 recte

57 3018 192 3087 Euripidis
225 3034 253 3081 p·
275 3018 319 3071 57.
343 3018 381 3067 sio
403 3032 420 3067 a
442 3017 537 3068 Grotio
589 3021 653 3067 iecit
671 3019 743 3082 quod
759 3034 807 3066 neo
818 3018 983 3080 transposuit
993 3020 1074 3071 verba

56 3104 192 3141 musena:
218 3090 339 3138 Anima
367 3094 445 3151 post
474 3088 538 3138 fati
590 3097 616 3138 et
634 3083 671 3152 γ’,
690 3088 760 3151 quod
780 3088 813 3135 ad
832 3087 903 3135 hunc
921 3086 1073 3154 locumap·

56 3160 129 3211 diem
150 3161 227 3208 Iam
253 3173 318 3207 non
343 3165 379 3205 ut
399 3163 477 3207 sate
495 3159 539 3206 vi·
589 3161 718 3207 tissimum
739 3164 786 3212 est,
797 3157 916 3215 retinuit,
931 3162 957 3205 et
969 3158 997 3207 in
1016 3159 1073 3210 eius

57 3232 112 3279 rit:
131 3237 171 3280 st
195 3242 319 3278 seusus
338 3235 446 3276 tamen
466 3227 539 3278 Ser·
589 3230 695 3292 quidem
715 3227 873 3276 senteutiam
893 3227 1074 3292 concederem,

56 3307 101 3349 rat
122 3312 315 3364 perennes,
340 3296 463 3360 hospes
488 3313 540 3347 se·
590 3298 642 3346 nisi
666 3299 745 3346 etiam
769 3297 908 3345 articulum
929 3293 987 3362 τὴν,
1007 3314 1074 3363 quo-

55 3373 133 3419 terni
155 3367 324 3418 aetheris.
358 3366 454 3430 Neque
471 3382 537 3416 vero
589 3369 661 3416 niam
685 3375 772 3416 certae
795 3369 834 3415 rei
860 3368 947 3416 exitus
966 3369 1073 3431 quaeri-

54 3440 191 3491 stantior
218 3438 267 3494 iis,
300 3436 345 3500 qui
375 3436 425 3485 bos
453 3451 538 3500 nuper
589 3446 645 3499 tur,
674 3437 834 3485 servandum
866 3444 994 3498 putarem.
1031 3436 1073 3486 De

55 3524 139 3559 sersus
160 3508 263 3556 eiicere
281 3506 432 3555 volucrunt.
450 3507 539 3556 Habet
589 3505 618 3570 γὲ
649 3506 780 3567 particula
811 3506 946 3569 singulare
975 3520 1073 3556 nomen
1106 3553 1108 3557 .

54 3580 115 3628 euim
133 3579 191 3627 boc
210 3577 322 3626 omnino
335 3575 488 3640 Euripides,
507 3584 537 3624 ut
590 3575 715 3625 efferente
736 3575 792 3625 dixi
810 3576 844 3625 ad
855 3575 1001 3625 Devarium
1019 3574 1073 3623 vol.

54 3650 251 3714 saepiusquam
265 3644 538 3708 sliipoetaedecrcta
587 3646 625 3694 II.
643 3661 668 3708 p.
681 3642 733 3699 276
744 3660 802 3709 sqq.
828 3645 887 3694 Hoc
907 3652 996 3694 autem
1014 3643 1072 3692 loco

55 3733 96 3769 soe
105 3721 134 3769 in
148 3717 244 3766 aliena
253 3715 537 3780 personainterponat.
588 3717 615 3764 iu
624 3714 768 3764 Tlreonoes
780 3716 901 3763 oratione
913 3715 964 3762 hoc
976 3727 1074 3762 nomen

55 3789 115 3838 Vide
148 3801 221 3850 quse
250 3787 307 3835 dixi
335 3800 417 3848 supra
445 3787 479 3834 ad
511 3803 536 3834 v.
591 3792 733 3849 propterea
759 3784 880 3839 effertur,
912 3782 984 3846 quod
1015 3782 1074 3845 ipsa

54 3854 377 3920 tut-908.p.117.1t
396 3854 431 3903 K.
592 3857 734 3905 tacendo
772 3854 910 3902 dumtaxat
945 3851 1074 3900 adiuvare

83 3929 117 3978 V.
145 3925 228 3979 1017.
265 3920 305 3989 μὴ
332 3920 475 3988 μακράν]
506 3919 540 3988 μὴ
592 3925 662 3986 vult,
682 3933 712 3974 ut
737 3924 860 3971 exitum
879 3920 1074 3985 quidemip·

56 3993 393 4059 lrdpuupuiv,utiinem
413 3995 540 4043 orando
592 4010 658 4043 sum
687 3993 810 4043 Menelao
840 3997 920 4053 atquc
954 3991 1075 4041 Helenae

56 4066 188 4124 iscium,
212 4080 275 4115 nee
303 4064 441 4128 longius
470 4078 540 4112 ora·
590 4062 780 4113 inveniendum
798 4059 941 4122 relinquat.
960 4059 993 4110 R.
1015 4061 1050 4110 Κ.

56 4137 178 4186 tionem
196 4133 541 4186 extraham.lon.1569:
627 4135 659 4180 V.
682 4129 760 4183 1025.
797 4125 852 4192 τὴν
877 4127 931 4189 μὲν
955 4158 990 4167 -
1013 4126 1075 4180 Κύ-

59 4199 104 4254 dli'
115 4201 281 4268 danupsiam
297 4204 403 4266 πρᾶγμα
420 4202 463 4252 καί
480 4218 540 4266 χρη·
591 4199 680 4264 spru}
701 4198 783 4259 Ordo,
795 4200 930 4264 quomodo
945 4201 1077 4268 cupienda
