2558 4590
556 214 761 271 flascones
1149 217 1187 280 11

120 363 224 449 ὄντας
247 371 315 435 ἔδει
338 369 497 479 σέβεσθαι
520 368 576 435 καλ
609 366 653 455 μὴ
679 372 911 480 δυσχεραίνειν
936 374 981 462 spi
1007 368 1086 481 παρ’
1120 372 1191 458 ἡλι-

119 459 201 525 κίαν
222 458 285 524 τοῦ
306 455 430 544 γάμου,
458 456 694 543 γινώσκοντας,
723 456 774 526 ὅτι
796 455 949 539 κλικελνος
975 486 1037 546 την
1069 459 1191 529 ἑαυτοῦ

186 558 266 613 αἴκα
294 547 459 631 Μεγάραν
484 544 599 636 Ἰολάῳ
627 545 813 657 συνῴκισεν
846 548 1083 617 ἑκκαιδεκαέτει
1114 548 1189 617 τότε

119 658 196 703 om
211 638 289 739 τρία
310 635 366 701 καλ
387 660 566 722 τριακοντα
590 640 645 720 ἔτη
668 634 742 703 τότε
759 637 995 723 γεγενημένην.
1035 638 1084 704 De
1102 640 1190 724 Iphi·

118 725 218 791 olis
208 726 310 809 ipsius
338 726 523 792 discrimine
551 748 633 790 unus
666 731 716 792 est
741 728 836 792 testis
870 727 1096 812 Asclepiades:
1125 728 1188 795 hoe

118 814 210 880 enim
236 818 367 880 auctore
396 816 460 880 utit
445 819 499 880 tur
534 816 632 880 schol.
665 814 762 881 Hom.
794 814 865 901 Ody
868 839 908 882 ss.
941 818 1062 897 2269,
1094 840 1189 902 quem

117 903 293 988 exscripsit
313 903 517 969 Eustathius.
563 902 625 969 Sed
649 903 786 988 Amphit
787 926 922 988 ryonem
951 906 1038 991 quod
1061 907 1190 991 scripsit

118 990 295 1077 Euripides
318 992 431 1059 eodem
452 993 596 1078 periculo
619 992 729 1076 fuisse,
752 994 793 1058 ab
816 994 868 1058 his
893 995 1069 1060 omnibus'
1059 1008 1188 1080 rgnor'a-

118 1084 201 1167 tum,
223 1081 307 1146 unde
334 1085 369 1146 et
396 1104 459 1166 qua
487 1082 549 1146 fide
573 1083 763 1166 susceperit,
737 1082 972 1148 tPausaniae
999 1083 1187 1149 testimonio

119 1133 329 1279 oogdoscitn
349 1171 405 1237 lib.
429 1169 477 1235 IX
509 1172 549 1235 11
583 1171 603 1234 2
637 1173 779 1273 Θηβαῖοι
811 1168 847 1236 δὲ
881 1171 936 1237 καὶ
970 1168 1049 1237 τάδε
1083 1170 1187 1237 έπιλέ

117 1275 257 1343 γουσιν,
284 1253 330 1369 pis
352 1254 516 1344 Ἡρακλῆς
546 1252 612 1324 ὑπὸ
640 1260 698 1342 τῆς
724 1262 846 1367 μανίας
873 1257 927 1325 καλ
952 1256 1188 1345 Ἀμφιτρύωνα

117 1342 296 1457 ἔμελλεν’
278 1368 533 1429 αποκτιυνυναι,
555 1343 719 1431 πρότερον
743 1343 824 1413 δὲ”
785 1372 868 1457 αρα
897 1343 1003 1426 ὕπνος
1029 1347 1188 1461 ἐπέλαβεν

118 1430 226 1501 αυτὸν
247 1430 313 1502 ὑπὸ
336 1437 397 1503 τοῦ
420 1439 523 1502 λίθου
545 1437 604 1520 τῆς
625 1438 763 1520 πληγῆς·
785 1431 933 1520 Ἀθηναυ
957 1433 1049 1502 δὲ
1017 1462 1102 1502 ειυαι
1126 1434 1189 1522 τὴν

118 1521 307 1636 ἐπαφεῖσάν
337 1522 428 1591 ολ
396 1550 458 1592 τον
486 1527 586 1590 λλθον
613 1548 751 1606 τουτου,
779 1521 897 1591 ὅντινα
920 1527 1190 1628 Σωφρονιστηρα

120 1607 357 1698 ὀνομάζουσιν.
415 1614 583 1680 Postremo
624 1615 697 1678 loeo
739 1616 998 1680 commemorabo
1036 1637 1118 1699 quae
1154 1616 1188 1680 in

117 1703 371 1857 rfiuppoiTliipello
393 1703 537 1870 pppdipit
551 1702 778 1857 ιοΞὸλοΙὲιρίρζοιιε
787 1703 896 1857 Regi.
924 1705 1008 1787 apud
1036 1703 1190 1857 {lpotipm

151 1815 163 1856 1
653 1813 669 1855 e
756 1816 801 1868 ως
880 1788 1009 1869 ιιοςὸ
1085 1816 1190 1869 τωος

118 1873 336 1965 έρολμενος
310 1814 385 1946 ἀλλ
376 1876 580 1989 Ἡρακλέους
606 1875 730 1964 εὑρέθη
756 1795 988 1991 decemuiros
999 1881 1189 1992 τετριχριμέ-

118 1992 188 2076 νην
206 1965 343 2053 έχων
309 1992 372 2053 την
385 1971 541 2053 καρδίαν
561 1964 804 2078 ἀνηρέθηδ
786 1963 843 2034 νπ’
860 1963 965 2035 αὐτοῦ
979 1964 1189 2054 Ἡρακλέους,

118 2052 176 2123 ὅτε
198 2055 316 2142 μανεὶς
337 2055 392 2123 καὶ
415 2080 494 2134 τους
517 2059 626 2135 ἰδίους
648 2053 759 2123 ἀνεῖλε
781 2060 914 2136 παῖδας·
937 2057 992 2124 καλ
1011 2057 1063 2124 eol
1081 2055 1188 2147 τούτῳ

120 2142 216 2234 μόνη)
241 2143 326 2229 φασὶ
348 2147 518 2230 θρηνησαι
541 2143 602 2212 τὸν
619 2170 722 2231 ηρωα.

209 2233 383 2320 Reliquum
415 2240 477 2318 est,
508 2239 546 2299 ut
577 2236 616 2300 de
647 2238 840 2303 lustratione
873 2238 978 2303 caedis
1011 2237 1187 2321 videamus,

118 2346 218 2409 quam
242 2324 415 2409 Euripides
439 2323 564 2388 Theseo
587 2325 712 2408 tribuit,
736 2325 878 2409 Thespio
908 2326 1126 2409 Apollodorus
1155 2325 1188 2390 Π

118 2415 142 2477 4
171 2414 228 2497 12,
262 2411 369 2478 Sicalo
402 2413 511 2478 nescio
544 2413 595 2478 oui
627 2413 827 2478 Menecrates
855 2415 941 2498 apud
969 2414 1068 2479 schol.
1096 2414 1189 2479 Pind.

117 2501 235 2566 Isthm.
258 2500 306 2566 IV
331 2503 403 2567 104.
449 2500 619 2587 Singulsre
642 2507 751 2567 autem
775 2503 926 2586 quiddam
953 2503 1055 2568 trudit
1084 2503 1186 2589 Hygi·

117 2612 181 2655 nus
212 2590 278 2656 fab.
310 2592 352 2656 31
390 2591 533 2669 Neleum,
573 2591 794 2674 Hippocoontis
835 2593 951 2694 λλ,λακι
987 2613 1057 2657 oiim
1090 2595 1188 2657 deouo

118 2681 197 2762 γλλλλε
220 2681 339 2757 oceidit,
364 2682 511 2761 ηνοηλινι
538 2680 566 2745 is
588 2700 655 2744 eum
670 2702 810 2763 purpure
831 2682 894 2746 sire
920 2683 1053 2747 lustrare
1079 2682 1187 2764 κολιιλλ,

118 2774 192 2833 auc
214 2789 284 2833 curu
305 2730 479 2851 δλεμανακι,
503 2767 641 2834 Oreoutis
657 2771 768 2852 filiam,
790 2791 916 2835 uxorem
934 2791 1071 2848 suorue
1055 2732 1187 2851 etfillos'

119 2857 402 2923 Τλιαλικοιλιιινιελ
389 2856 550 2939 tOpleiteu
567 2859 766 2938 interfecero
747 2859 843 2922 tEt
863 2858 930 2922 fab.
952 2859 995 2922 32
1018 2859 1187 2939 Postquam

119 2966 195 3012 suae
217 2947 328 3011 meotis
349 2967 470 3028 compos
491 2951 536 3011 est
554 2946 670 3028 fortiis,
697 2947 736 3011 oh
759 2947 944 3029 Apolline
921 2949 1013 3028 petiit
963 2949 1106 3011 ttdori
1127 2947 1187 3012 sili

116 3054 311 3119 responsum,
339 3036 488 3117 ηκοικολο
516 3036 612 3100 scelus
635 3041 794 3117 puerporet.
846 3034 906 3101 (λαλ
933 3036 1047 3118 Apollo
1075 3041 1185 3102 sortem

119 3125 204 3206 quod
224 3125 346 3188 reddere
367 3125 477 3202 uoluit,
499 3124 649 3189 Hoeules
670 3125 772 3189 iratres
793 3126 829 3189 de
848 3125 925 3205 fauo
948 3127 1014 3190 eius
1037 3127 1185 3208 tripodem

116 3212 259 3296 sustulit,
281 3232 370 3294 qoem
386 3217 494 3295 posteo
515 3213 601 3278 Iocis
622 3214 709 3278 iussu
726 3215 871 3292 reddidit,
894 3218 923 3279 et
944 3215 1093 3279 uoleuteru
1119 3235 1185 3280 sor-

118 3307 179 3367 tem
208 3302 289 3366 doro
317 3302 416 3367 iussit.
460 3302 610 3367 Humiles
643 3303 680 3367 ob
713 3304 748 3368 λλ
775 3324 796 3366 o
824 3304 981 3369 Mercurio
1017 3303 1186 3387 Omplzoloe

116 3391 242 3474 repiuoe
263 3392 300 3455 iu
321 3392 496 3456 seruitutem
518 3392 610 3456 datius
631 3396 682 3455 est.
728 3390 811 3457 Sane
838 3392 1020 3458 fabularum
1045 3392 1082 3457 de
1105 3392 1185 3458 Her-

119 3479 192 3544 cule
216 3479 425 3565 vulgatorum
451 3482 546 3543 tanta
573 3480 746 3545 multitudo
778 3485 828 3545 est
853 3485 1008 3567 tantaque
1036 3483 1184 3559 varietas,

116 3571 155 3633 ut
177 3569 278 3633 nolim
302 3568 456 3633 continuo
478 3590 537 3652 pro
562 3569 680 3633 erroris
698 3574 890 3654 argumento
914 3571 1037 3652 haberi,
1060 3570 1183 3653 siquid

117 3656 293 3721 discessum
311 3658 354 3722 sit
368 3658 409 3722 ab
425 3657 618 3722 auctoritate
633 3661 821 3723 ceterorum.
849 3657 911 3724 Sed
924 3658 986 3722 hoc
1000 3659 1072 3722 loco
1088 3658 1184 3721 fidem

116 3744 244 3830 Hygini
258 3746 311 3810 vel
324 3746 406 3811 illud
421 3746 728 3830 suspectam'reddit,
739 3746 968 3831 quodNeleum
977 3746 1184 3829 Hippocoon-

116 3833 162 3898 tis
181 3833 285 3898 filium
298 3833 385 3900 dicit.
412 3833 527 3899 Intulit
545 3836 673 3918 quidem
687 3836 807 3900 bellum
821 3835 975 3899 Hercules
994 3835 1131 3918 utrique,
1150 3837 1183 3900 et

115 3921 150 3987 N
151 3922 220 3987 eleo
235 3926 268 3986 et
282 3921 511 4007 Hippocoonti‚
529 3945 588 3988 neo
603 3946 700 3989 causo
715 3924 863 3988 dissimili
865 3944 1069 4024 ,poenasque
1084 3922 1183 3988 unde·

116 4012 182 4076 cim
196 4009 299 4095 Nelei,
322 4012 430 4077 decem
440 4012 683 4164 tHippocoontis
697 4013 838 4077 filiorum
852 4013 1010 4097 sanguine
1031 4013 1182 4097 sumpsit:

118 4100 175 4164 sed
202 4103 235 4165 et
257 4121 394 4185 regnum
417 4104 454 4165 ut
455 4102 545 4187 rique
569 4105 602 4166 et
625 4123 726 4189 genus
749 4101 912 4165 diversum
933 4100 1009 4166 tuit
1045 4099 1192 4165 Heteum

114 4189 200 4250 enim
213 4187 366 4271 Neptuno
375 4213 439 4273 pa
426 4194 474 4255 tre
472 4191 770 4280 ,Hippocoontem
782 4190 911 4259 Oebato
923 4195 1048 4258 natum
1060 4194 1099 4255 et
1108 4190 1216 4252 'utum
