2520 4590
451 116 693 187 ALCESTIS.

10 326 27 365 ε
149 291 321 378 Explicatur
342 289 458 357 labula
479 289 640 373 sequitur,
663 301 701 355 ut
716 300 867 357 auctores
890 315 998 361 rerum
1019 304 1084 361 tra·

10 408 46 451 31,
112 380 198 443 'rum
210 374 421 463 producendi
439 374 515 439 sint.
546 375 600 439 Ac
630 384 733 441 totam
753 376 898 441 fabulam
920 383 1085 446 enarravit

12 497 32 536 e
98 462 358 563 lpollodorus
373 460 451 525 Lib.
463 459 493 542 I,
519 460 551 541 9,
576 463 627 545 14,
654 462 703 526 15.
724 470 757 525 et
779 462 845 545 III,
872 465 922 546 10,
945 464 976 527 3.
998 465 1084 553 Hy-

11 560 61 643 l-of
95 570 181 639 prus
209 548 279 612 lab.
312 549 353 611 51
384 555 418 609 et
441 546 492 609 52.
547 544 755 611 Zenobius
788 551 817 629 l,
840 549 901 631 18,
925 558 1022 614 aucta
1048 552 1083 615 iu

29 644 46 707 I
94 634 247 703 menum
274 630 318 697 ad
346 630 504 695 historiae
534 629 634 695 fidem
662 654 817 697 revocare
848 632 976 698 studuit
1002 634 1082 699 Pa·

10 755 26 794 ·,
114 719 284 805 ephatns
312 739 342 780 c.
372 721 446 799 41„
488 738 586 800 quem
620 717 752 800 sequuti
789 728 867 783 sunt
903 719 1082 787 Tzetzes

10 836 43 879 st
91 800 145 871 [tit
168 804 216 872 II.
249 803 328 867 hist.
352 805 425 884 53.,
456 801 722 888 Apostolius
745 800 840 867 Ceut.
862 803 909 867 H.
933 807 992 888 71,
1017 808 1080 889 72,

37 901 60 964 Ι,
92 890 270 955 lrsenius
307 889 344 951 in
372 887 506 953 Violeto
535 909 568 970 p.
606 888 648 950 42
678 909 723 968 s.,
761 889 880 972 quibus
917 888 1082 956 addantur

10 1011 52 1050 ff,
91 972 285 1063 lulgentii
314 995 424 1059 nugae
445 970 589 1059 Mythol.
619 971 696 1036 Lib.
719 973 747 1036 Ι.
772 976 823 1038 27.
848 972 1081 1040 Eudociam

10 1102 16 1135 ,ι
91 1058 216 1147 Ἰρὶοοτο
245 1082 316 1123 non
346 1058 459 1139 licuit,
496 1064 640 1121 ceterum
672 1058 790 1123 multas
821 1081 891 1122 eam
933 1057 1080 1126 diversas

33 1183 61 1242 f,
90 1144 260 1213 nationes
282 1145 332 1228 (p.
355 1146 397 1208 20
418 1143 461 1227 s.)
484 1142 691 1208 coniunxisse
720 1144 896 1227 comperio.
942 1144 1081 1232 [Ecloga

15 1264 53 1304 us
90 1228 122 1299 Β
139 1229 223 1317 apud
244 1228 432 1294 Eudociam
452 1244 504 1295 est
526 1227 710 1314 composita
725 1252 765 1292 ex
783 1229 969 1293 narratione
993 1230 1080 1316 apud

11 1312 209 1390 ι,“1181αῐ1ν.
232 1314 278 1380 ad
302 1319 349 1378 lt.
372 1316 406 1395 β.
427 1339 459 1379 v.
483 1316 555 1381 111.
577 1338 609 1399 p.
634 1313 720 1396 326,
745 1336 786 1377 ex
807 1314 1010 1398 argumentis
1032 1316 1080 1378 la·

10 1436 66 1473 nu-
92 1398 155 1467 tilae
179 1399 385 1488 Euripideae
412 1398 586 1484 praefixis,
626 1422 667 1463 ex
696 1398 900 1483 Palaephato
938 1397 1080 1483 denique

15 1500 65 1560 ios'
154 1488 248 1553 XLI.
271 1508 380 1569 neque
403 1482 583 1569 quidquam
605 1484 771 1569 peculiare
795 1485 902 1548 habet.
947 1483 1081 1549 Monuit

10 1576 68 1643 ³·i.
117 1572 296 1662 yttenbach.
318 1570 405 1638 Bibl.
429 1570 501 1635 crit.
523 1568 600 1634 Vol.
624 1569 670 1633 ΙΙ.
694 1570 732 1634 Ρ.
755 1569 820 1633 ΙΙΙ.
844 1594 875 1655 p.
902 1569 968 1655 12]

12 1689 70 1779 1²²..
147 1693 209 1760 Sed
231 1693 266 1757 hi
289 1692 421 1778 quidem
445 1696 547 1776 qrrum
564 1714 675 1756 omnes
700 1702 732 1755 et
754 1691 953 1757 recentiores
975 1691 1080 1758 multo

10 1784 30 1812 '³
93 1776 131 1843 t'nt
152 1800 248 1864 quam
278 1777 475 1863 Euripides,
507 1786 541 1841 et
570 1786 698 1863 partem
721 1786 809 1842 certe
832 1800 961 1860 eorum,
994 1800 1079 1861 quae

10 1860 20 1951 1
57 1860 67 1889 1
92 1862 276 1947 indiderunt,
302 1863 378 1928 huic
401 1863 466 1950 ipsi
489 1873 659 1949 acceptam
681 1864 836 1946 referant,
861 1886 982 1948 operae
1003 1887 1078 1949 pre·

10 1942 59 1983 '³³¹¹
91 1946 140 2014 lum
165 1960 216 2015 est
262 1970 413 2031 naerere,
446 1948 520 2033 quis
551 1949 653 2013 fuerit
682 1949 927 2032 antiquissimus
948 1949 1080 2016 fabulae

10 2029 62 2133 ..l
90 2045 203 2101 uctor-
233 1973 329 2117 (duae
365 2035 520 2119 quoniam
548 2057 616 2098 non
646 2033 785 2118 simplex
815 2044 881 2118 est,
914 2032 973 2100 sed
1004 2057 1079 2100 cum

10 2108 63 2229 ,5st
88 2114 118 2184 ti
138 2122 325 2187 calamitate
355 2119 563 2185 coniunctam
601 2117 701 2184 habet
731 2119 899 2184 hominum
939 2119 1079 2185 duorum

10 2201 53 2291 f.
86 2202 180 2272 dudem
212 2206 475 2287 acerbissimam,
505 2205 623 2271 laciam
651 2213 720 2269 tres
751 2214 860 2291 partes
890 2205 988 2270 huius
1011 2204 1079 2271 dis-

10 2279 47 2377 *HJ
81 2294 253 2375 putationis,
293 2292 498 2378 primumque
528 2290 633 2354 dicam
665 2289 705 2353 de
735 2290 869 2355 servitio
900 2290 1076 2381 Apollinis,

29 2362 39 2458 1
79 2382 121 2442 tum
143 2374 184 2444 de
211 2377 359 2444 Admeto
382 2399 465 2461 quae
489 2376 676 2461 accepimus
701 2398 879 2464 exponam,
912 2388 1077 2464 postremo

10 2450 52 2569 ul
75 2457 98 2527 le
115 2462 300 2530 Alcestidis
324 2472 357 2526 et
379 2470 482 2527 morte
505 2471 539 2525 et
561 2460 670 2525 reditu
694 2461 861 2527 disseram.

15 2597 39 2656 οἱ
133 2586 189 2649 Ae
223 2582 263 2647 de
297 2581 514 2669 Apollinis
545 2583 709 2664 θητείᾳ
740 2606 822 2668 quae
845 2592 923 2648 sunt
945 2585 1079 2670 vulgata

10 2704 20 2729 f·
65 2668 172 2737 initulis
213 2691 317 2752 quum
347 2666 414 2732 sint
444 2667 621 2731 coniuncta
650 2690 723 2731 cum
746 2676 849 2732 morte
874 2668 1076 2754 Aesculapii,

10 2763 29 2821 r
61 2752 93 2820 de
119 2755 186 2820 hae
221 2754 314 2840 prius
351 2750 527 2817 dicendum
566 2760 626 2817 est.
684 2751 961 2817 Commemoravit
1007 2774 1078 2816 eam

57 2835 222 2907 Hesiodus
251 2837 401 2904 versibus
431 2837 472 2902 ab
500 2836 774 2925 Athenagora
805 2837 925 2922 Legat.
948 2863 979 2924 p.
1006 2839 1077 2903 134.

12 2932 19 2981 '1
55 2926 210 3007 servatis,
241 2947 325 3009 quos
356 2925 392 2987 in
413 2922 607 3008 fragmentis
630 2923 740 3007 posuit
765 2919 1077 3012 Goettlingius

10 3054 14 3079 !
53 3033 78 3077 n.
97 3010 239 3079 XLIX.
264 3009 314 3079 ed.
336 3030 402 3074 sec.
427 3006 530 3072 Dind.
553 3032 584 3077 n.
608 3008 662 3073 tu.

514 3116 622 3205 πατὴρ
644 3117 776 3204 ἀνδρῶν
797 3144 831 3184 τε
854 3122 948 3186 θεῶν
968 3146 1003 3186 τε

129 3204 268 3295 χώσατ’,
283 3204 335 3269 ἀπ’
356 3200 538 3287 Οὐλύμπου
557 3207 593 3269 δὲ
607 3201 719 3284 βαλών
733 3202 892 3292 ψολόεντι
917 3209 1066 3294 κεραυνῷ

132 3299 252 3359 ἔκτανε
274 3293 460 3371 Λητοΐδην,
486 3292 588 3377 φίλον
611 3289 640 3373 ¹⁸)
664 3285 725 3353 οὐν
748 3289 866 3373 θυμὸν
890 3290 1022 3378 ὀρίνων.

51 3414 142 3499 Quos
173 3433 291 3478 versus
320 3408 521 3474 nesciremus
551 3430 616 3491 quo
646 3408 680 3470 in
710 3408 853 3472 carmine
889 3409 988 3493 poeta
1015 3430 1074 3491 po-

50 3503 195 3583 suisset,
233 3495 298 3561 nisi
327 3492 423 3559 valde
449 3493 630 3583 probabilis
660 3491 711 3556 vel
739 3493 849 3578 potius
880 3502 968 3556 certa
998 3490 1074 3554 duci

50 3588 245 3653 coniectura
266 3589 380 3668 posset
402 3584 442 3644 ex
465 3579 677 3644 annotatione
705 3578 845 3662 quadam
870 3575 1073 3641 Scholiastae

47 3778 124 3785 1-—n
133 3778 149 3783 -
159 3775 234 3783 ..ιω-..-
240 3776 251 3782 -

94 3919 119 3975 ⁸)
145 3912 330 3974 Goettlingius
352 3925 423 3959 nunc
453 3906 565 3958 coniecit
592 3924 649 3958 esse
677 3907 854 3956 scribendum:
893 3902 990 3963 tutave,
1018 3904 1071 3967 Ar,-

152 3979 246 4031 τοΐδαο
264 3981 343 4042 φίλον
362 3975 412 4027 oria
429 3973 521 4036 θυμὸν
541 3970 644 4040 ὀρίνων.
681 3976 712 4024 R.
732 3975 762 4024 K.
