2520 4590
421 303 727 371 PROOEMIUM.
1016 250 1025 271 ’
1045 313 1082 372 13

50 474 180 574 longius
206 484 244 536 ct
268 474 452 540 debilitata.
496 474 536 538 ln
558 497 598 539 ea
620 499 654 540 rc
677 477 766 542 satis·
777 478 887 541 mirari
909 500 975 543 non
996 500 1082 563 queo

51 559 209 629 iudicium
247 558 444 647 Euripidis,
480 562 536 643 qui
568 582 653 646 quae
690 563 849 646 tragicam
885 564 1081 651 gravitatem

50 655 209 733 caperent
238 646 474 733 perstrinxerit
499 647 609 733 potius
633 670 731 732 quam
755 649 983 733 explicaverit3
1012 672 1080 714 rem

51 741 154 797 autem
187 742 317 819 suapte
345 743 464 796 natura
491 732 520 796 si
548 733 654 798 minus
684 733 821 798 alienam
851 756 871 798 a
897 734 1081 822 tragoedia,

51 827 80 883 at
107 826 233 882 tamen
266 840 376 902 neque
398 815 441 881 ad
463 814 715 883 delectationem
736 819 886 885 eximiam
909 841 1016 905 neque
1039 820 1082 885 ad

52 901 322 991 magnitudinem
354 902 453 968 animi
473 902 688 987 laudabilem,
710 904 859 971 fraudem
881 914 980 991 atque
1002 906 1082 973 insi·

53 989 136 1074 das,
168 998 278 1055 tanta
306 1010 388 1054 cura
423 999 642 1076 persequutus
675 989 729 1057 sit.
780 989 876 1074 Quae
905 1012 959 1057 res
992 992 1082 1057 aliud

53 1098 185 1161 qnoque
217 1073 469 1141 incommodum
499 1076 626 1158 attulit,
648 1085 686 1141 ut
708 1076 818 1160 chori,
841 1077 895 1143 cui
916 1077 951 1141 in
972 1078 1083 1179 priore

54 1170 137 1247 parte
162 1159 303 1247 aliquid
325 1170 435 1226 tamen
457 1161 606 1227 relictum
629 1171 717 1246 erat,
745 1163 854 1228 nullae
883 1163 950 1229 sint
976 1186 1012 1227 in
1036 1164 1082 1228 al·

53 1258 114 1313 tera
146 1257 277 1335 partes
303 1247 370 1312 nisi
388 1245 531 1311 -taccndi
560 1269 723 1313 moramve
751 1248 984 1336 interponendi
1005 1271 1084 1314 can·

54 1334 121 1399 ticis
151 1333 203 1399 ad
228 1355 304 1398 rem
323 1331 405 1397 nihil
426 1332 678 1418 pertinentibus.
704 1334 877 1400 Postremo
900 1334 929 1400 si
949 1333 991 1399 dc
1013 1356 1083 1399 mo·

54 1419 136 1487 ribus
160 1440 391 1521 personarum
404 1438 555 1502 quaeras,
578 1418 741 1483 Helenam
764 1418 861 1485 video
878 1441 976 1485 unam
999 1442 1084 1505 quae

54 1504 178 1571 laudan
191 1505 321 1593 possit,
343 1525 412 1568 non
427 1513 566 1590 propter
583 1505 782 1592 singularem
797 1505 962 1589 quandam
983 1506 1083 1570 animi

56 1591 335 1679 magnitudinem,
359 1589 418 1654 sed
440 1591 576 1654 caritate
599 1591 708 1654 mariti
731 1589 870 1656 aclide:
893 1612 989 1675 quem
1013 1592 1084 1675 qui·

56 1676 123 1742 dem
157 1700 235 1764 quo
265 1674 449 1742 studiosius
471 1676 617 1759 colebat,
648 1699 688 1741 eo
716 1677 821 1764 magis
850 1675 1085 1765 Theoclymeni

56 1763 261 1829 incendebat
295 1783 448 1827 amorem.
509 1761 700 1827 Theonoam
734 1771 768 1829 et
806 1761 1084 1845 Theoclymenum

58 1849 187 1915 induxit
212 1855 295 1934 apte
318 1845 360 1911 ad
380 1846 634 1934 implicationem
656 1848 805 1932 fabulae,
828 1857 974 1915 ceterum
995 1848 1090 1914 nulla'

58 1957 88 2000 rc
111 1936 181 2001 insi
235 1956 284 1999 es.
328 1933 448 1999 Teucri
474 1956 648 2021 personam
676 1935 740 1999 fuit
765 1934 823 2020 qui
844 1933 1014 2000 inductam
1034 1956 1085 2000 re·

60 1958 301 2106 prehenddret:
324 2042 392 2084 non
413 2019 570 2102 facturus,
592 2028 630 2084 ut
651 2021 787 2106 opinor,
810 2020 838 2086 si
861 2021 953 2085 illum
974 2028 1008 2085 ct
1029 2043 1086 2109 ge·

60 2130 132 2174 nere
160 2113 352 2193 cognatum
379 2127 455 2170 cum
483 2105 742 2173 Atheniensibus
779 2128 818 2171 ac
845 2106 937 2171 velut
958 2104 1086 2194 indige·

61 2216 132 2259 nam
152 2193 297 2258 heroem
325 2191 427 2257 fnisse
449 2201 648 2277 reputasset,
672 2201 705 2257 et
719 2192 891 2278 'regionum
915 2193 981 2258 situ
1005 2214 1087 2278 quas

62 2280 198 2363 petebat
226 2276 374 2343 omnium
403 2278 626 2364 aptissimum,
650 2278 707 2362 qui
731 2275 810 2363 quid
833 2276 875 2341 ad
898 2278 1032 2345 Troiam
1055 2287 1089 2342 et

61 2368 90 2430 in
119 2362 275 2431 Graecia
304 2371 413 2429 actum
445 2373 536 2428 esset
557 2363 704 2429 Helenae
725 2364 901 2429 nuntiaret.
945 2371 993 2428 At
1013 2365 1089 2429 Me·

63 2452 175 2517 nelaus
207 2471 290 2516 sane
318 2448 409 2514 cultu
439 2447 620 2534 habituque
648 2449 805 2538 indignus
829 2449 979 2535 ampullis
1001 2449 1087 2531 istis,

63 2538 194 2622 quibus,
222 2558 325 2621 quum
346 2534 485 2621 primum
507 2535 542 2600 in
564 2557 716 2601 scaenam
736 2537 770 2600 in
795 2557 907 2601 ressus
930 2543 991 2618 est,
1015 2556 1089 2600 ora

63 2626 184 2690 tionem
209 2643 305 2687 suam
333 2619 476 2704 orditur,
501 2621 599 2686 homo
619 2622 738 2707 pannis
760 2561 901 2703 obsitus,
924 2622 1011 2686 sama
1033 2644 1089 2686 ex·

62 2710 218 2791 haustus,
240 2705 372 2772 vetulae
387 2705 518 2772 aedium
532 2707 697 2794 regiarum
711 2707 841 2773 custodi
856 2707 998 2792 turpiter
1011 2729 1090 2793 sup·

64 2797 149 2882 plex,
169 2791 325 2860 eiusdem
348 2792 444 2857 minis
459 2793 619 2880 trepidus,
644 2793 821 2878 aliquando
837 2791 976 2858 ridicule
989 2815 1091 2893 expo·

62 2883 210 2959 stulans3
233 2887 403 2966 postremo
420 2878 488 2963 qui,
503 2879 632 2944 etiamsi
647 2878 779 2963 quando
794 2879 934 2943 maiores
957 2878 1092 2964 spintus

63 2980 170 3033 sumat
192 2973 230 3030 et
252 2964 445 3051 generosius
467 2963 804 3049 quidproloquatur,
835 2963 933 3028 fidem
957 2963 1094 3057 ignavia

64 3051 216 3119 amiserit
237 3072 299 3116 sua
322 3072 363 3115 us
384 3051 456 3136 ipse
470 3051 572 3116 verba
598 3051 712 3137 inepto
735 3050 927 3134 plerumque
943 3050 1093 3116 acumine

64 3145 270 3224 corrumpat.
298 3073 492 3202 huiusmodi
510 3138 538 3202 si
554 3136 618 3200 suit
628 3135 794 3221 Telephus
805 3135 861 3200 ille
876 3145 934 3201 aut
946 3137 1093 3202 Bellero·

63 3226 223 3310 phontes,
247 3220 378 3287 minime
408 3221 507 3288 miror
529 3221 674 3288 ludibrio
696 3222 797 3286 fuisse
824 3222 1050 3308 Aristophani.

147 3310 251 3376 Haec
272 3307 372 3395 igitur
394 3317 493 3394 atque
526 3309 606 3373 talia
628 3309 656 3373 si
678 3307 813 3393 indigna
834 3308 996 3374 cothurno
1017 3331 1095 3374 cen-

63 3399 130 3463 auit
151 3391 455 3480 'Schlcgelium
486 3417 553 3459 non
583 3392 698 3459 dubito
728 3394 808 3478 quin
837 3416 950 3461 omnes
977 3393 1095 3459 adsen·
1139 3402 1146 3423 l

63 3484 183 3550 tientes
216 3478 390 3544 habiturus
421 3478 474 3544 sit.
519 3481 572 3545 Ac
594 3480 748 3565 quoniam
771 3478 853 3544 haec
875 3479 986 3545 fabula
1009 3480 1095 3544 eius·

64 3568 153 3636 modi
183 3574 257 3649 est,
289 3574 327 3630 ut
356 3587 464 3649 neque
509 3588 546 3630 ro
568 3565 739 3653 tragoedia
759 3566 831 3630 iure
855 3565 969 3631 haberi
989 3563 1097 3650 possit

63 3677 173 3741 neque
199 3650 246 3716 ad
268 3649 460 3716 comoediae
480 3589 699 3717 humilitatem
715 3650 921 3716 detrudendo
934 3648 1095 3731 videatur,

64 3739 252 3826 quaeritur,
278 3734 444 3821 quodnam
467 3737 510 3801 sit
532 3746 590 3802 aut
612 3738 708 3822 quale
730 3736 813 3802 illud
837 3758 951 3823 genus,
975 3734 1009 3796 in
1031 3754 1097 3817 quo

13 3884 17 3915 ,
63 3851 133 3893 eam
169 3820 407 3891 collocandam
441 3844 515 3888 esse
550 3823 754 3892 arbitremur.
805 3820 868 3886 Cui
904 3819 949 3882 rei
988 3818 1097 3887 brevis

10 3916 12 3921 ’
64 3910 243 4001 responsio
277 3916 336 3974 est.
388 3906 476 3972 Nam
505 3908 683 3994 Euripides
713 3910 782 3974 fere
811 3906 935 3992 primus
967 3905 1100 3972 videtur

64 3997 145 4065 illud
171 4016 288 4085 genus
310 3991 497 4076 incohasse,
522 3994 612 4080 quod
634 3996 720 4061 inter
741 3987 946 4078 tragoediam
968 4014 1098 4058 comoe-

63 4085 228 4169 diamque
261 4076 467 4144 interiectum
496 4079 619 4148 Graeci
647 4077 792 4146 nondum
818 4076 1013 4145 invenerant
1033 4099 1100 4162 quo

65 4171 323 4257 distinguerent
350 4165 481 4231 nomine
503 4166 679 4254 singulari3
707 4169 871 4231 nostrates
902 4165 944 4235 ab
974 4188 1014 4235 co
1045 4187 1104 4255 ap·
