2558 4590
195 256 231 316 10
546 254 850 324 Pltoo‘nussUM.

193 439 337 511 merent,
380 452 464 495 nova
507 429 713 517 adfingerent
754 444 785 494 et
824 453 922 518 saepe
958 430 992 495 in
1030 431 1215 498 diversissi-

194 536 263 579 mas
291 523 403 602 partes
430 514 606 580 traherent.
659 515 753 598 Quae
785 516 918 600 quidem
949 540 1001 583 res
1034 524 1134 603 quum
1163 519 1215 583 vel

196 624 235 664 ex
263 599 429 688 Sophocle
459 610 492 665 et
521 602 624 666 multo
654 604 756 690 magis
786 627 826 667 ex
855 602 1012 691 Euripide
1043 605 1217 670 notissima

194 688 249 769 sit,
273 686 406 752 haerere
428 688 462 751 in
484 688 540 751 illa
561 689 753 754 uolumus.“

250 810 265 892 '⁴
281 815 349 883 Sed
371 841 390 880 a
413 815 577 903 Sophocle
600 827 634 882 et
647 817 805 904 Euripide
820 819 882 883 etsi
905 820 976 883 inre
998 817 1083 882 dixit
1103 817 1216 904 Hep-

197 903 288 967 nius
312 903 415 985 multa
436 925 509 968 esse
530 904 564 968 in
587 903 771 968 fabularum
793 905 920 981 ratione
948 914 1084 968 novata.
1106 911 1216 968 taurea

197 988 321 1055 Noster
343 990 398 1054 ille
421 989 454 1053 in
477 989 609 1055 Helena
633 989 766 1074 quidem
788 992 960 1056 obscuram
990 991 1101 1076 potius
1122 989 1216 1054 sabu-

197 1074 260 1139 lam
289 1064 466 1160 ininusque
496 1077 663 1164 cognitam
691 1100 789 1160 quam
811 1100 897 1160 quae
920 1075 1046 1141 nullum
1068 1085 1126 1139 aut
1148 1099 1216 1139 non

198 1159 350 1240 idoneum
380 1171 546 1227 auctorem
572 1161 706 1227 haberet
733 1172 893 1246 sequutus
916 1172 976 1227 est.
1020 1161 1153 1226 Testem
1174 1159 1216 1241 do

198 1270 237 1312 ea
259 1247 322 1312 iam
345 1246 373 1313 is
396 1249 453 1332 qui
475 1257 702 1314 arnumentum
726 1247 888 1314 Graecum
911 1247 1059 1313 Helenae
1081 1247 1217 1332 scripsit

199 1332 460 1399 Herodotum
483 1303 646 1417 adhibuit,
669 1335 762 1400 ouius
785 1334 859 1401 Lib.
882 1335 914 1398 ll.
938 1356 965 1398 o.
994 1335 1052 1397 112
1076 1369 1117 1381 «-
1144 1335 1215 1398 120.

198 1428 307 1499 exstat
328 1420 472 1484 narratio
502 1421 743 1507 Aegyptiorum
780 1418 988 1484 sacerdotum
1024 1416 1091 1483 fide
1126 1420 1215 1499 nixa,

199 1527 309 1593 regem
340 1505 441 1571 luisse
472 1508 712 1594 Aegyptiorum
742 1530 815 1572 eum
846 1506 901 1590 qui
931 1504 1110 1570 aGraccis
1134 1505 1216 1569 Pro·

198 1604 270 1657 teus
292 1590 530 1690 appellaretur,
561 1616 627 1677 qua
656 1602 851 1679 tempestate
874 1593 968 1656 Paris
990 1614 1063 1655 oum
1087 1591 1217 1656 Helena

200 1675 242 1741 ad
279 1677 350 1741 Nih
385 1678 470 1742 ostia
507 1677 635 1743 delatus
674 1688 770 1742 esset.
821 1677 911 1742 Huic
943 1679 1096 1741 Proteum
1127 1700 1216 1740 com·

199 1773 293 1851 perta
322 1762 457 1847 hospitii
484 1764 603 1829 iniuria
625 1775 658 1828 et
687 1765 846 1844 Helenam
870 1777 902 1828 et
925 1787 1004 1848 opes
1026 1761 1122 1827 sinml
1143 1785 1216 1848 rap·

199 1858 250 1923 tas
283 1848 477 1932 abstulisse,
515 1848 630 1916 addito
659 1849 863 1915 redditurum
898 1849 1059 1934 repetenti
1089 1848 1215 1912 marito.

200 1932 269 2001 Sed
297 1957 365 1999 rem
394 1945 433 2001 ut
463 1945 538 2001 acta
567 1947 637 2001 erat
667 1936 920 2002 memorantibus
958 1934 1110 1999 Troianis
1150 1957 1218 1997 non

199 2021 289 2109 prius
313 2019 461 2086 Graecos
485 2022 686 2093 credidisse.
715 2046 813 2107 quarn
836 2032 934 2107 capta
952 2021 1032 2084 urbe
1055 2041 1217 2104 nusquam

200 2105 368 2171 mulierem
388 2110 618 2195 repperissent.
663 2110 747 2174 Tum
778 2107 919 2190 denique
941 2115 1072 2171 vectiun
1093 2105 1127 2169 in
1149 2109 1217 2170 Ae-

201 2201 338 2278 gyptum
375 2193 562 2258 Menelaum
599 2205 632 2260 et
666 2217 801 2260 uxorem
839 2214 1019 2280 gazamque
1056 2193 1217 2278 integram

201 2278 362 2364 recepisse
386 2291 419 2343 et
442 2279 537 2346 donis
560 2283 694 2368 insuper
715 2290 847 2346 auctum
870 2277 1071 2344 discessisse.

287 2409 340 2473 Ab
379 2408 494 2474 iisdem
529 2409 616 2490 unde
653 2407 843 2473 Herodotus
880 2405 995 2471 didicit
1030 2405 1219 2469 auctoribus

200 2503 370 2578 acceptam
400 2495 543 2584 fabulam
573 2498 621 2567 in¹
643 2516 762 2560 scaena
790 2491 981 2579 Euripidem
1017 2489 1218 2572 exhibuisse,

201 2579 289 2645 haud
312 2578 478 2646 dissimilis
499 2584 568 2647 veri
592 2582 782 2648 coniectura
805 2581 901 2662 foret,
925 2579 987 2642 nisi
1010 2577 1114 2641 multo
1130 2586 1219 2640 esset

136 2672 139 2678 '
201 2665 264 2730 alia
286 2661 495 2751 probabilior.
540 2669 628 2734 Nam
650 2667 779 2732 duobus
802 2667 869 2731 fere
888 2664 1026 2731 saeculis
1049 2671 1125 2726 ante
1148 2661 1218 2725 He-

200 2751 352 2818 rodotum
382 2763 480 2838 atque
504 2755 545 2818 iis
568 2753 791 2839 temporibuS,
825 2752 943 2837 quibus
972 2747 1108 2813 vixdum
1131 2770 1218 2811 com·

201 2840 321 2904 mercia
344 2841 429 2903 inter
454 2839 601 2906 Graecos
630 2840 880 2928 Aegyptiosque
912 2835 1070 2901 celebrari
1101 2842 1219 2918 coepta

201 2935 329 3008 essent,
361 2925 638 2992 Stesichorus
661 2927 726 2990 fuit
747 2926 962 3003 HimeraeuS,
984 2930 1084 3007 poeta
1106 2919 1218 2984 claris-

201 3009 320 3075 simus:
348 3014 405 3095 qui
434 3037 534 3098 quum
564 3013 661 3078 editis
688 3011 885 3076 carminibus
919 3006 1034 3072 adres
1058 3006 1220 3070 Troianas

201 3096 440 3180 pertinentibus
464 3099 516 3163 vel
539 3098 653 3164 eadem
677 3097 717 3162 de
738 3097 866 3161 Helena
887 3117 970 3179 quae
993 3093 1136 3180 priores,
1166 3091 1220 3154 vel

201 3181 296 3245 ctiam
318 3185 467 3270 turpiora
487 3184 697 3267 tradidisset,
720 3204 844 3268 poenas
867 3179 1017 3261 γλώσσης
1038 3179 1219 3259 άκαῳίμου

202 3277 258 3331 aut
286 3269 351 3353 ipsi
379 3270 528 3337 Helenae
557 3283 614 3335 ant
643 3271 712 3333 eius
742 3268 900 3333 iratribus
924 3265 1092 3331 oculorum
1114 3262 1220 3328 caeci-

201 3363 268 3418 tate
298 3357 499 3441 persolvisse
527 3359 640 3422 fertur.
692 3353 842 3436 Quorum
878 3354 958 3416 iram
984 3351 1152 3415 numinum
1183 3357 1221 3412 ut

223 3439 365 3522 lacaret,
397 3444 596 3529 palinodiam
626 3441 776 3527 scripsit,
808 3462 873 3525 qna
896 3461 980 3522 qnae
1004 3446 1101 3500 antea
1124 3457 1220 3499 secus

200 3464 328 3591 dixerat
350 3528 391 3594 de
414 3531 543 3596 Helena
558 3528 748 3594 retractavit
769 3547 904 3610 eamque
928 3523 1060 3587 Troiam
1083 3543 1220 3586 conces·

202 3612 284 3677 sisse
314 3638 448 3699 prorsus
477 3616 619 3702 negavit.
664 3614 708 3678 Et
732 3611 910 3680 Stesichori
935 3608 1066 3693 quidem
1089 3629 1219 3670 carmen

203 3721 267 3761 rina
299 3723 372 3764 curn
401 3701 534 3787 reliquis
563 3700 709 3765 eiusdem
739 3697 958 3765 monumentis
979 3703 1096 3780 poetae
1119 3693 1220 3755 inter-

202 3783 298 3848 cidit:
329 3797 473 3851 ceterum
508 3811 617 3851 eorum
642 3809 725 3869 quac
748 3784 845 3851 modo
869 3780 1103 3868 explicavimus
1125 3779 1220 3842 testis

202 3879 253 3933 est
268 3873 516 3956 antiquissimus
539 3873 754 3938 Isocrates
777 3869 938 3936 Encomio
953 3867 1101 3931 Helenae
1124 3865 1152 3949 ξ.
1169 3865 1219 3928 64.

202 3959 384 4037 ἐνεδείξατο
415 3964 450 4025 δὲ
481 3966 536 4025 καὶ
565 3957 768 4044 Στησιχόρῳ
798 3960 844 4038 rpi
875 3957 997 4043 ποιητῇ
1020 3951 1080 4030 τὴν
1102 3952 1221 4046 ἑαυτῆς

203 4038 360 4126 δύναμιν·
393 4045 448 4111 ὅτε
477 4050 537 4131 μὲν
569 4043 631 4128 γὰρ
656 4043 841 4130 ἀρχόμενος
862 4045 921 4118 τῆς
944 4039 1032 4122 ᾠδῆς
1054 4038 1218 4123 ἑβλασφη·

202 4134 286 4208 tenos
317 4155 345 4194 τι
381 4135 452 4215 napi
487 4131 608 4213 adripe,
638 4131 759 4208 ἀνέστη
788 4131 852 4195 triv
877 4127 1073 4214 ὀφθαλμῶν
1093 4129 1219 4204 ὲστερη·
