2558 4590
383 298 632 369 nnumin·

97 477 162 558 βου
189 474 316 558 ἀσμένα
339 475 440 541 πόσιν
467 477 559 561 ἐμόν,
586 483 693 568 φίλαι,

96 573 291 642 »ιπετοὶσασο
313 584 393 662 χέρα

96 703 155 743 ,ιου
180 686 215 744 ἐν
241 680 355 763 μακρᾷ
381 683 481 768 φλογὶ
508 679 702 770 φαεσφόρῳ.

291 822 294 829 -
335 783 667 849 ΜΕΝΕΛΑΟΣ.
903 836 907 845 .

109 887 160 944 σε’·
189 879 335 957 πολλοὺς
361 881 391 946 δ’
423 889 458 948 is
483 890 572 966 μέσῳ
596 882 717 967 λόγους
743 892 820 970 ἔχων
943 896 1005 959 630

98 978 140 1045 ἴδ’
172 979 307 1049 ὁποίου
322 985 456 1069 πρῶτον
481 981 632 1068 ἄρξομαι
653 981 700 1050 ,ια’
729 987 802 1053 οὖν.

395 1086 657 1152 animm-0·-

96 1184 182 1260 ηθα,
208 1186 306 1265 κρατὶ
331 1183 366 1248 δ’·
394 1181 540 1271 ὀρθίους
565 1189 703 1271 ἐθείρας

96 1290 262 1366 turipum,
288 1289 344 1350 καὶ
370 1282 476 1372 δάκρυ
503 1286 687 1365 σταλάσσω,

109 1479 169 1533 628.
207 1485 268 1545 περί
283 1477 306 1530 τ’
330 1480 440 1535 ἐπέτασα
463 1480 496 1535 G.
513 1482 733 1535 Hermannus.
770 1481 833 1533 Non
850 1499 931 1535 ausus
948 1500 1005 1532 snm

96 1565 108 1599 e
129 1557 242 1615 propter
263 1554 409 1603 oraticnem
426 1551 542 1601 Menelai
563 1553 764 1618 respondeatis:
785 1546 855 1617 κάγώ
873 1551 915 1612 si,
933 1554 1005 1618 qnod

96 1621 160 1669 dum
178 1629 219 1671 ast
236 1621 271 1671 ad
287 1621 384 1685 ἔλαβον
401 1622 490 1685 potius
509 1637 586 1685 quam
604 1624 640 1675 ad
657 1620 825 1688 aspisaiscnu
842 1620 910 1687 χέρα.

114 1689 175 1743 631.
213 1686 327 1754 ἄρξωμαι
350 1689 383 1741 G.
403 1688 615 1749 Hermannus
638 1694 672 1745 dc
694 1692 789 1757 partic.
807 1686 842 1741 ὅν
858 1692 904 1742 lib.
922 1691 960 1741 11.
983 1706 1004 1742 n

96 1759 159 1813 128:
179 1755 288 1823 ἄρξομαι
308 1761 375 1813 Cod.
388 1758 426 1822 6.,
445 1760 473 1810 id
492 1761 566 1824 qued
583 1764 647 1813 olim
665 1769 723 1813 erat
739 1756 869 1828 ἄρξομαι,
885 1761 939 1812 hcc
955 1768 1004 1823 est,

96 1845 114 1879 ι.

96 1996 132 2049 διὰ
162 2001 264 2049 stolicis
291 1996 403 2065 ἡμερῶν,
431 1997 473 2050 διὰ
522 2001 631 2064 gravior
656 2014 689 2050 sc
719 2001 890 2065 tranquillior
914 2003 1003 2052 cratis

138 2070 215 2120 Infra
242 2087 268 2121 v.
278 2098 281 2103 ·
293 2071 358 2123 652:
383 2064 474 2134 ἡλίους
522 2078 563 2120 est
579 2072 713 2121 trimetros
721 2071 878 2135 plerumque
889 2070 1004 2133 hahens3

96 2151 115 2200 ··,
144 2140 232 2190 dies
255 2141 472 2192 infinitos.
521 2139 640 2191 Helenae
658 2147 745 2190 autem
764 2155 850 2190 sermo
864 2140 1003 2192 vehemen-

96 2206 150 2258 JK.
170 2208 316 2268 “Carmen
336 2210 410 2258 cuius
428 2210 471 2258 hic
521 2211 575 2258 tior
593 2217 619 2260 et
637 2210 768 2273 rapidior,
794 2211 850 2260 iere
868 2211 1002 2261 dochmia-

96 2293 153 2341 um,
172 2279 222 2327 atsi
246 2293 299 2328 non
323 2278 417 2342 effugii
435 2282 470 2328 ri·
519 2280 558 2329 cis
587 2281 704 2331 numeris
733 2279 886 2330 luxurians:
918 2295 1003 2344 nequa

96 2348 269 2412 cristophanis
300 2349 328 2397 in
362 2347 469 2400 Tincam.
520 2363 585 2398 varo
604 2348 825 2412 antistrophlcam
840 2350 1003 2400 suscipiam

96 2434 136 2482 lp,
162 2418 260 2466 eximia
282 2423 339 2466 arte
363 2432 469 2482 compo·
522 2419 604 2468 variis
637 2419 719 2469 animi
752 2418 867 2469 moribus
898 2431 1003 2469 carmen

96 2494 134 2540 aa
159 2487 312 2536 Menelaum
331 2494 360 2534 ui
377 2488 469 2546 virum,
522 2494 623 2552 potest,
642 2489 693 2538 nisi
711 2489 879 2551 paucissimis
896 2489 924 2536 in
942 2502 1002 2550 par·

96 2572 140 2619 m,
159 2563 188 2605 ut
212 2558 305 2606 drucem
329 2558 470 2620 exercitus,
521 2559 600 2610 ubas.
636 2556 721 2622 quue
744 2559 810 2609 scits
833 2563 946 2621 aposta
965 2558 1004 2607 sic

96 2640 119 2675 ·a
135 2641 231 2690 aspera
249 2633 394 2690 expertum,
412 2629 470 2689 qui·
520 2627 618 2677 iactum
635 2633 684 2686 est,
697 2634 727 2676 ut
744 2633 848 2691 practer
860 2627 924 2677 bina
935 2627 1003 2676 inter

96 2696 469 2746 uderidsratamdinuxcrsm
520 2710 549 2745 ss
571 2696 759 2761 respondentia
780 2712 904 2749 vsrsuum
926 2698 1004 2759 paria

96 2772 142 2824 set,
156 2767 203 2815 sed
216 2766 385 2815 simulacrum
403 2767 469 2815 nihil
520 2768 702 2817 tantummodo
736 2766 840 2817 initium
869 2766 1002 2826 carminis,

101 2850 187 2885 uxore
206 2837 340 2885 diversum
354 2849 469 2886 commn—
520 2836 565 2884 nbi
582 2836 775 2899 propemodum
792 2850 840 2899 par
864 2835 1003 2898 utriusque

96 2920 154 2955 eum
181 2921 213 2954 ea
240 2919 308 2968 quae
335 2920 399 2955 vers
421 2912 470 2966 est,
519 2905 642 2968 coniugis
660 2905 787 2969 gandium
805 2911 854 2966 eat,
866 2903 1002 2967 stropham

96 2990 148 3024 rem
171 2981 198 3022 et
229 2975 316 3024 minus
341 2977 469 3037 agitatum
520 2989 597 3023 unam
615 2989 675 3025 eum
698 2988 747 3023 sua
769 2973 939 3038 antistropha
955 2973 1002 3035 ha-

96 3044 232 3093 rveniebnt
246 3045 468 3107 qnamHelenam‚
521 3045 598 3105 beat,
618 3044 854 3107 utrimqus.tamen
873 3030 1003 3093 inclusam

96 3115 213 3163 ,marito
234 3121 325 3176 erepta
343 3115 468 3163 diuturno
520 3113 647 3163 trimetris
685 3113 815 3171 Menelai,
856 3114 1004 3176 praemissa

96 3200 104 3232 ι
123 3183 272 3244 desiderio,
291 3183 398 3233 barbari
418 3184 467 3233 viri
520 3180 775 3248 proodciielenae.”
789 3181 1002 3243 G.HERMAN-

96 3268 132 3303 un
161 3254 271 3314 timens,
300 3250 355 3301 nbi'
380 3255 471 3302 vivere
521 3250 603 3309 NUS.

96 3322 236 3388 caudina,
248 3322 293 3371 ubi
304 3330 469 3385 praesentem
555 3322 589 3371 V.
607 3320 668 3375 630.
703 3317 855 3386 ἐνμέσῳ]
874 3323 893 3371 i.
906 3336 928 3370 c.
946 3322 1003 3385 περὶ

96 3392 121 3443 ni
138 3389 239 3442 frustra
249 3399 277 3439 ut
290 3393 323 3442 ab
336 3407 367 3440 eo
385 3408 469 3456 agno·
522 3391 572 3440 tais
585 3389 693 3456 ἐνμέσῳ
707 3387 871 3455 πραγμάτων,
879 3392 912 3441 ds
924 3391 1002 3442 rebus

96 3477 103 3510 .·
144 3476 253 3526 operam
292 3462 378 3523 dedit,
409 3463 467 3511 ·n·l›i
522 3461 626 3524 aiuga
643 3459 761 3509 Helenae
787 3459 928 3525 usquead
952 3461 1003 3517 lice

96 3554 99 3576 l
120 3534 174 3581 iam
193 3547 226 3580 ax
240 3532 375 3595 insperato
385 3533 470 3596 potita
522 3537 624 3593 tempus
643 3531 733 3591 gestis.
754 3528 912 3580 PFLUGK.

96 3616 115 3652 n
139 3607 230 3665 potsse
254 3609 353 3651 nonel
370 3603 468 3664 gaudio
557 3599 586 3647 V.
605 3597 662 3652 632
691 3598 801 3649 Initium
817 3600 868 3649 hoc
886 3614 944 3650 esse
963 3597 1001 3650 vi-

124 3679 294 3736 praesentem
318 3671 470 3725 ielicitntem
521 3670 598 3719 detur
615 3669 711 3719 cantici
723 3683 756 3718 ex
770 3684 803 3719 ec
815 3683 921 3734 genere,
935 3679 1003 3731 qaas

96 3741 235 3793 undatione
267 3743 471 3803 praeteritorum
522 3745 619 3791 vocant
635 3731 689 3787 ἀπὸ
707 3737 816 3802 capraja:
836 3737 1004 3802 qnaesoluia

96 3829 114 3863 n
136 3818 162 3860 et
185 3811 286 3873 pudore
304 3818 412 3874 propter
430 3811 471 3859 in-
522 3822 581 3859 esse
607 3814 733 3872 puianiur
763 3808 810 3856 illa
834 3820 1003 3856 numerorum

118 3881 259 3930 infamiam
282 3886 308 3928 el
325 3881 419 3930 dolore
437 3880 471 3929 ob
522 3879 695 3943 aequalitate,
721 3892 774 3940 qua
800 3876 876 3926 chori
900 3875 1003 3927 canica

96 3966 160 4001 ,cam
183 3951 372 4011 calamitatem,
398 3951 471 4000 cuius
523 3950 651 3999 adstricta
659 3954 728 3999 sunt.
749 3943 914 4008 Quamquam
923 3959 1003 4009 quum

97 4021 186 4071 amris
203 4021 297 4070 insons
313 4035 393 4070 causa
413 4019 472 4080 fnit,
522 4020 608 4077 minus
626 4030 705 4080 saepe
723 4020 936 4080 qnampcrerant
951 4015 1004 4065 ista

96 4091 150 4141 reri
167 4090 307 4153 variisque
326 4090 368 4139 his
389 4090 472 4138 animi
522 4089 671 4138 solutorum
696 4098 867 4134 numerorum
889 4084 1004 4139 ,lieentia

96 4158 191 4211 unibus·
215 4158 363 4224 perturbari
393 4159 472 4208 velie·
523 4155 755 4221 meaningless
780 4169 844 4211 uses
861 4169 920 4219 assa
941 4169 1002 4205 cen·

96 4231 157 4281 ima.
222 4230 314 4293 ltaque
356 4227 473 4280 Menelai
524 4232 590 4289 stet,
608 4226 667 4288 ipsa
682 4239 730 4289 par
747 4239 776 4281 aa
796 4240 851 4287 non
869 4225 1001 4291 improba·
