2558 4590
216 218 252 278 10
561 214 863 284 PROOEMIUM.

211 389 350 470 tavisse,
385 388 506 454 editam
537 410 603 453 non
625 390 690 454 iarn
712 390 832 471 fuisse,
857 390 934 474 quia
962 387 1231 475 reprehendisset

210 473 463 560 Asclepiadem,
503 474 593 558 quod
629 476 658 539 is
695 498 765 540 eam
803 473 972 574 Euripidis
1007 474 1152 539 fabulam
1188 476 1231 540 ab

210 559 433 649 Aristophane
462 559 601 626 dixisset
623 561 742 647 respici
774 562 807 625 in
830 561 979 642 Avibus,
1012 582 1096 643 quae
1120 572 1232 626 essent

212 654 305 711 actae
332 644 541 735 Olympiadis
570 644 666 712 XCI.
697 670 782 712 anno
812 648 915 715 altero
948 647 1106 712 archonte
1143 644 1232 712 Cha·

211 731 301 815 bria,
333 754 447 798 verum
476 731 623 799 eiusdem
658 731 891 820 Aristophanis
929 732 1149 800 Scholiastam
1189 732 1232 798 ad

180 856 187 877 .
211 817 389 902 Ranarum,
413 840 498 904 quae
521 817 630 884 editae
651 829 761 885 essent
775 817 984 908 Olympiadis
1006 816 1119 885 XOlll.
1143 841 1230 883 anno

211 903 320 986 tertio,
342 928 374 968 v.
396 906 447 970 53.
471 905 554 970 ascri
579 905 663 971 sisse
679 903 924 970 Andromedam
939 913 1014 970 octo
1038 904 1132 970 annis
1155 914 1231 970 ante

212 1012 284 1055 eam
311 989 456 1055 fabulam
484 990 525 1056 ah
548 928 708 1076 huripide
729 991 763 1055 in
786 1012 938 1056 scaenam
963 990 1124 1076 prolatam
1145 1012 1229 1073 esse,

212 1073 299 1140 unde
329 1074 384 1140 ille
405 1098 509 1142 annus
531 1075 733 1160 efficeretur,
765 1098 861 1160 quem
884 1098 1002 1141 annum
1025 1098 1230 1144 communem

211 1158 444 1226 Andromedae
465 1171 565 1247 atque
587 1162 735 1228 Helenae
762 1184 862 1250 supra
883 1159 1034 1229 diximus.
1078 1161 1120 1228 Id
1142 1184 1230 1228 com·

211 1247 345 1335 probari
367 1247 464 1313 etiam
487 1270 543 1331 eo,
576 1248 666 1334 quod
688 1248 927 1335 Aristophanes
948 1248 983 1313 in
1004 1246 1229 1335 Thesmopho·

211 1333 352 1400 11110111
372 1356 404 1398 v.
427 1334 507 1417 850,
531 1356 616 1418 quae
638 1334 712 1419 ipso
733 1343 817 1401 teste
838 1334 909 1399 eius
929 1333 1060 1401 fabulae
1082 1358 1113 1400 v.
1139 1334 1227 1401 1060.

213 1428 308 1485 actae
336 1428 447 1486 essent
474 1417 683 1507 Olympiadis
719 1418 821 1488 XOll.
859 1442 945 1486 anno
981 1421 1088 1508 primo
1125 1418 1230 1485 Callia

102 1559 105 1565 .
212 1505 381 1588 archonte,
405 1503 544 1571 dixisset
565 1507 626 1587 τὴν
648 1506 766 1587 καινὴν
785 1504 936 1589 Ἑλένην,
970 1505 1059 1592 quod
1082 1503 1231 1573 Scholia·

213 1600 266 1658 sta
293 1600 382 1657 reete
410 1592 554 1675 referens
586 1591 627 1656 ad
654 1590 868 1680 Euripideam
904 1592 1048 1659 fabulam
1084 1592 1230 1678 explica-

213 1678 318 1743 visset
338 1675 400 1757 τὴν
422 1675 573 1762 ὑπόγυον
595 1680 846 1763 δεδ1δαγμένην.

300 1763 340 1827 In
366 1762 477 1829 verbis
506 1772 625 1849 poetae
648 1763 888 1832 constituendis
910 1774 1039 1849 praeter
1059 1761 1102 1829 G.
1125 1762 1232 1828 Her·

214 1851 351 1915 manni
396 1870 528 1934 operam
578 1850 612 1914 in
662 1873 702 1915 ea
747 1851 859 1917 fabula
907 1849 1048 1936 positam
1097 1849 1232 1936 Lipsiae

213 1931 556 2001 MDCCCXXXVll.
584 1945 621 2000 et·
648 1935 720 2002 Ad.
746 1935 1016 2002 Kirehhoflii
1054 1934 1232 2000 editionem

236 2028 360 2088 aratam
381 2020 528 2086 Berolini
541 2020 785 2088 MDCCOLV.
807 2045 887 2088 usus
910 2043 981 2086 sum
1003 2021 1105 2086 altera
1126 2024 1231 2108 Aug.

256 2106 398 2172 auokii
429 2104 572 2173 editione
601 2109 676 2172 anni
704 2106 974 2175 MDCCCLVll.
997 2117 1031 2173 et
1056 2107 1115 2189 iis,
1147 2130 1232 2191 quae

214 2194 253 2259 F.
289 2191 465 2257 Bamher
501 2214 543 2257 er
575 2194 610 2258 in
646 2195 815 2281 opusculis
850 2192 1059 2281 philologieis
1096 2192 1232 2280 Lipsiae

214 2301 300 2345 anno
322 2276 457 2346 MDOC
488 2278 574 2344 LVl.
606 2281 735 2347 emissis
757 2305 789 2368 p.
811 2282 854 2345 99
878 2316 918 2328 -
944 2281 1014 2343 106.
1038 2281 1231 2365 proposuit3

214 2387 402 2452 quanquam
430 2387 472 2430 ne
499 2366 547 2430 sic
573 2365 706 2451 quidem
733 2367 768 2432 in
798 2366 859 2432 hac
889 2372 981 2452 parte
1012 2364 1149 2429 multum
1171 2389 1232 2452 pro

214 2459 303 2518 certo
331 2449 496 2516 adfirmari
541 2453 627 2517 otuit
654 2461 847 2541 propterea,
875 2448 964 2536 quod
985 2471 1071 2516 unus
1101 2459 1233 2515 tantum

213 2536 312 2603 modo
341 2536 424 2603 liber
452 2546 485 2602 et
513 2475 655 2605 lhmiliae
684 2537 816 2625 quidem
845 2536 1027 2625 Byzantios
1056 2534 1232 2601 0011110-

213 2623 361 2689 rentinus
389 2622 531 2688 XXXll.
562 2626 606 2707 2,
629 2625 685 2711 qui
715 2625 881 2689 11111110.
917 2620 1232 2688 aKirchhofsio

214 2718 265 2775 est
292 2716 445 2792 notatus,
474 2708 559 2775 hanc
581 2711 726 2776 fabulam
749 2709 911 2792 servavit,
935 2707 1030 2774 cuius
1059 2731 1125 2774 non
1154 2718 1231 2774 sunt

182 2862 187 2874 ,
214 2794 278 2861 nisi
306 2794 517 2895 apographa,
555 2797 675 2880 quibus
700 2795 866 2862 interdum
893 2794 1041 2882 ipsorum
1076 2793 1229 2858 librorum

216 2889 394 2946 auctoritas
417 2889 470 2946 est
491 2880 623 2948 tributa.
668 2883 708 2947 In
736 2882 954 2970 explicatione
977 2877 1230 2963 111111111Εο11ρὶ-

217 2965 298 3032 deae
328 2965 478 3049 fabulae,
508 2990 551 3032 ne
580 2969 682 3034 moles
710 2967 961 3033 adnotationum
994 2966 1093 3031 nimio
1133 2986 1231 3052 opere

216 3060 398 3133 cresceret,
428 3053 476 3116 ita
505 3076 557 3118 me
579 3055 747 3134 continui,
775 3062 815 3118 ut
846 3051 926 3117 nihil
950 3054 1145 3139 attingerem
1168 3049 1232 3114 nisi

216 3135 306 3221 quod
333 3147 390 3201 aut
420 3147 531 3225 aperte
554 3139 672 3204 falsum
694 3161 766 3205 esse
789 3148 847 3204 aut
871 3138 1059 3204 necessario
1082 3136 1233 3202 uberiore

215 3220 432 3288 1111101110111
462 3245 558 3311 egere
593 3223 761 3290 videretur
795 3234 853 3290 aut
889 3224 1009 3308 iniuria
1043 3245 1177 3308 prorsus
1215 3246 1235 3285 a

216 3246 417 3458 Pllupkio
440 3312 834 3396 111110111111111111001.
864 3309 1035 3394 Quaedam
1058 3307 1157 3372 etiam
1182 3330 1233 3372 re-

215 3415 313 3460 secan
338 3415 358 3457 a
385 3396 535 3479 luerunt,
569 3420 634 3482 quo
663 3397 698 3461 in
727 3396 862 3485 negotio
891 3418 1008 3463 vereor
1036 3416 1077 3458 ne
1099 3393 1234 3458 nimium

215 3478 362 3546 modeste
405 3481 516 3565 potius
552 3506 649 3568 quam
683 3482 923 3568 imprudentius
965 3480 1073 3566 egisse
1108 3477 1232 3544 videar.

216 3564 285 3634 Sed
306 3575 414 3632 tamen
441 3567 537 3632 etiam
566 3571 612 3634 sic
634 3568 716 3633 illud
738 3591 758 3633 a
779 3592 830 3635 me
854 3568 1007 3634 effectum
1029 3588 1102 3632 esse
1124 3588 1233 3653 spero,

215 3662 253 3717 ut
274 3653 420 3740 opellae
440 3675 492 3719 1111
515 3655 548 3718 in
571 3654 633 3719 hac
646 3655 759 3720 fabula
771 3656 881 3742 posita
903 3679 970 3721 non
989 3653 1087 3740 plane
1109 3651 1234 3717 inutilis

216 3760 288 3805 esse
311 3740 470 3807 videatur.

258 3848 525 3940 ScripsiLipsiae
542 3849 572 3917 d.
582 3850 713 3917 XXIX.
728 3875 829 3919 mens.
846 3852 946 3917 Mart.
956 3847 1236 3917 MDCCCLVlll.

820 3972 1053 4031 Bolnholdus
1071 3970 1201 4028 Klotz.
