2520 4590
554 190 752 245 domurn.
1169 191 1189 256 τ

117 342 192 428 ρίαν
225 331 363 428 εὑρών,
398 331 522 420 καθὼς
561 332 607 429 δὴ
638 335 698 405 καὶ
732 332 752 405 ὁ
786 332 880 421 Ζεὺς
913 339 951 407 έν
983 343 1088 423 θεοῖς
1122 334 1188 409 τὸν

118 432 333 530 Γανυμήδην
373 432 548 530 ἁρπάσας.
602 433 622 507 ὁ
659 436 700 509 δὲ
734 439 863 523 Πέλοτβ
903 436 1031 528 μαθων
1070 443 1186 512 τοῦτο

114 534 336 632 κατηράσατο
363 526 460 630 Λαίῳ
488 541 663 631 μηδέποτε
691 538 754 630 μέν
781 544 892 609 παῖδα
919 554 1049 628 τεκεῖν,
1086 549 1121 619 εί
1144 537 1182 612 δ’

114 637 179 734 ἄρα
202 639 264 710 καλ
288 643 458 733 συμβαίη,
477 635 543 711 ὑπ’
564 636 684 711 αὐτοῦ
709 643 846 711 τοῦτον
869 636 1186 736 ἀναιρεθήσεσθαι.

110 739 170 813 ’διὰ
211 744 328 812 ταῦτα
360 738 480 812 πολὺν
518 738 589 836 ἤδη
623 738 758 835 χρόνον
795 738 815 812 ὃ
850 738 963 829 Λάιος
995 740 1103 831 άπαις
1137 740 1188 817 όν

111 847 346 937 παραγίνεται
388 849 439 927 είς
474 844 626 914 Πυθίαν
667 844 726 912 καὶ
767 849 907 916 παίδων
943 851 1034 917 αι’τεῖ
1064 841 1187 942 χονήν.

116 944 170 1014 καλ
196 940 328 1017 ἀκούει
354 940 499 1016 τοιόνδε
525 939 737 1038 χρησμόν1)·

161 1091 250 1169 Λάιε
276 1099 498 1191 Λαβδακίδη,
527 1102 667 1168 παίδων
694 1101 797 1189 γένος
825 1094 954 1189 ὄλβιον
981 1106 1106 1185 αι’τεῖςς

112 1286 115 1295 Ι
162 1193 273 1284 τέξεις
291 1197 353 1290 μέν
371 1202 484 1291 φίλον
508 1195 605 1286 υίόν,
632 1194 722 1292 άτάρ
747 1195 831 1270 τόδε
857 1217 917 1269 σοι
940 1198 1053 1295 μόρος
1077 1209 1186 1289 ἔσται,

163 1296 298 1386 παιδὸς
325 1302 391 1371 dori
416 1306 574 1393 χείρεσσι
600 1304 716 1372 λιπεῖν
742 1307 840 1392 βίον·
869 1297 918 1386 ὥς
944 1299 1011 1395 γάρ
1039 1310 1162 1376 ἔνευσε

103 1411 106 1418 ’
161 1399 260 1487 Ζεὺς
272 1404 459 1495 Κρονίδης
477 1404 646 1487 Πέλοπος
665 1417 856 1495 στυχεραῖς
873 1398 995 1496 όραῖσι
1014 1400 1184 1499 ποθήσας,

163 1495 211 1575 οὖ
240 1507 354 1595 φίλον
387 1501 553 1597 ἥρπασας
584 1499 685 1575 υἱόν·
720 1500 742 1573 ὃ
769 1500 806 1574 δ’
841 1497 979 1598 ηὔξατό
1011 1522 1070 1576 σοι
1102 1503 1187 1577 τάδε

727 1627 852 1676 παντο.

116 1748 274 1855 ὧντινων
313 1753 572 1849 θεσπισμάτων
612 1759 656 1851 τῇ
696 1761 759 1851 τῆς
798 1753 972 1848 γυναικὸς
1003 1754 1186 1853 Ἰοκάστης

115 1863 292 1951 ἐπιθυμίᾳ
317 1859 376 1928 καὶ
401 1857 520 1954 ἡδονῇ
548 1857 668 1952 ὥσπερ
695 1854 970 1950 έκλαθόμενοςῖ)
998 1856 1126 1948 Λάιος,
1163 1856 1187 1956 ἢ

115 1959 162 2045 ὥς
188 1964 282 2045 τινές
309 1976 401 2053 φασι
429 1964 489 2053 μιᾷ
522 1964 593 2031 τῶν
624 1959 764 2056 ἡμερῶν
798 1961 997 2054 βαρυνθεὶς
1019 1966 1073 2054 ,τῷ
1100 1971 1187 2056 οίνφ

112 2061 170 2139 καὶ
197 2059 390 2133 συνελθὼν
422 2065 467 2154 τῇ
502 2058 622 2134 αὐτοῦ
654 2063 797 2155 γυναικὶ
826 2067 1008 2133 Οἰδίποδα
1038 2069 1186 2158 σπείρει,

108 2163 170 2234 καὶ
210 2159 296 2254 μετὰ
340 2160 382 2233 τὸ
429 2167 598 2259 τεχθῆναι
647 2160 762 2238 αὐτὸν
801 2161 1059 2256 άναπεμπάσας
1098 2162 1189 2251 τοὺς

107 2265 302 2358 χρησμοὺς
328 2266 388 2335 καὶ
416 2262 539 2358 φόβον
557 2264 687 2357 λαβόν,
715 2264 934 2361 διατορήσας
956 2263 1046 2352 τοὺς
1071 2263 1189 2352 πόδας

107 2363 235 2438 αὐτοῦ
282 2367 342 2435 καὶ
390 2372 573 2460 χρυσέους
612 2374 763 2461 κρίκους
802 2362 1188 2462 διαπερονησάμενοςθ)

112 2471 230 2561 ῥίπτει
265 2464 325 2538 διὰ
360 2472 431 2540 τῶν
465 2474 607 2540 οίκείων
627 2467 827 2560 βουκόλων
854 2477 905 2554 είς
932 2466 972 2540 τὸ
1002 2466 1090 2564 ὅρος
1123 2466 1189 2540 τὸν

109 2572 346 2661 Κιθαιρῶνα,
382 2567 430 2655 ὡς
463 2567 539 2642 ὑπὸ
565 2576 718 2665 θηρίων
750 2575 912 2643 ἐνταῦθα
944 2567 1189 2666 άναιρεθησό-

109 2696 235 2764 μενον.
287 2677 388 2765 ἔτυχε
422 2671 462 2742 δὲ
496 2668 575 2742 κατ’
603 2676 717 2745 έκεῖνο
744 2677 876 2766 καιροῦ
907 2669 1081 2757 καὶτοὺς
1108 2675 1188 2742 Πο-

107 2769 236 2864 λόβου
261 2777 391 2864 νομέας
417 2777 591 2865 βασιλέως
617 2778 811 2867 Κορίνθου
842 2769 988 2864 βόσκειν
1019 2776 1098 2843 ἐκεῖ.
1152 2778 1189 2843 ολ

107 2874 172 2944 καὶ
211 2868 253 2943 τὸ
294 2878 430 2968 βρέφος
470 2871 641 2968 εὑρόντες
683 2875 743 2945 καὶ
782 2871 993 2966 ἀνελόμενοι
1031 2879 1188 2967 φέρουσι

111 2971 208 3069 πρὸς
234 2971 300 3068 τὴν
317 2972 498 3066 Πολύβου
525 2991 677 3070 γυναῖκα
694 2973 886 3070 Μερόπην·
913 2967 958 3070 ἦν
985 2971 1052 3067 γὰρ
1079 2971 1188 3045 άπαι-

110 3071 233 3165 oravi
262 3080 514 3171 δυστυχοῦσα,
541 3084 602 3148 καί
629 3098 704 3163 πως
731 3083 850 3148 πείθει
876 3075 942 3148 τὸν
968 3073 1085 3170 ἄνδρα
1108 3074 1189 3147 Πό-

108 3180 232 3267 λυβον
272 3175 364 3273 αὐτὴ
403 3183 516 3251 τοῦτο
557 3175 689 3251 τεκεῖν.Ι
730 3176 933 3273 ἀνδρωθεὶς
971 3179 1010 3249 δὲ
1046 3176 1067 3249 ὁ
1106 3194 1189 3264 παῖς

187 3474 214 3544 1)
234 3472 385 3529 Oraoulnm
402 3474 470 3529 Laio
489 3475 586 3528 datum
604 3477 632 3529 et
645 3476 777 3545 oenigma
792 3477 923 3546 Sphingis
936 3477 966 3529 οῖ
977 3476 1080 3529 solutio
1093 3473 1156 3528 aeni
1178 3505 1188 3514 ·

112 3541 201 3596 mutis
225 3541 313 3620 etium
334 3541 364 3594 in
386 3542 550 3597 melioribus
572 3541 652 3597 libris
676 3546 789 3599 exstant
805 3545 850 3599 vel
873 3543 1041 3612 argumento
1063 3491 1190 3619 subieofu

114 3609 162 3664 vel
180 3607 290 3663 soholro
308 3610 346 3664 ud
363 3627 388 3666 v.
401 3615 435 3665 60
452 3610 566 3664 inserto.
603 3610 710 3666 Eadem
729 3611 873 3681 Sophoclis
892 3609 1000 3679 Oedipo
1018 3609 1091 3677 Regi
1107 3619 1193 3677 prae-¹

112 3677 173 3730 fixa
190 3678 257 3730 sunt
272 3678 370 3746 paucis
387 3679 512 3733 mutaris.

185 3746 213 3813 2)
233 3743 266 3799 G.
283 3745 462 3800 Hermennus
484 3745 555 3800 haee
576 3746 618 3800 ita
646 3745 750 3801 edidit:
779 3741 873 3814 όνπερ
891 3757 965 3811 ειν,
992 3739 1188 3811 ἐκλαθόμενος

112 3808 222 3876 Λάϊος,
257 3813 456 3868 auctoritatem
486 3813 630 3882 quendam
658 3814 740 3868 huius
768 3812 906 3882 opinionis
936 3811 1071 3866 excidisse
1100 3813 1188 3865 ratus.

115 3879 262 3962 Nauokiuu
279 3875 373 3952 ι’όσπερ
392 3881 487 3959 delere
504 3882 533 3935 et
551 3878 748 3951 ἐκλαθόμενος
760 3878 851 3942 Λάϊος
867 3881 933 3949 post
945 3871 1073 3934 ὧντινων
1085 3881 1189 3934 θεσπι-

114 3947 504 4101 σμαιόλνχὲάάέόάξθκρνῗάιάυς
523 4013 821 4085 διοτερονησάμενοςε
840 4014 890 4068 cfr.
907 4014 983 4092 infre
999 4012 1036 4092 nd
1055 4031 1081 4067 v.
1101 4019 1159 4092 895.

186 4090 215 4147 4)
234 4087 381 4140 απαιδίαν
399 4086 595 4204 συντυχοῦσα,
621 4085 653 4136 us
670 4079 814 4137 ἀπαιδίαν
832 4088 930 4136 νοσεῖν
949 4081 1020 4134 dnn
1037 4079 1195 4157 soholrasiu⁴

118 4149 292 4219 Byzantinus
309 4153 339 4205 in
358 4152 418 4211 ood.
438 4152 497 4206 Gne
511 4152 530 4205 f.
550 4151 668 4218 aliisque
687 4150 723 4204 ad
741 4168 767 4204 v.
785 4154 818 4203 28
837 4165 872 4203 ex
889 4165 967 4203 more
989 4149 1190 4215 recentiorum,

116 4217 156 4272 de
174 4235 231 4288 quo
250 4221 321 4275 dixit
338 4220 369 4281 L.
388 4220 548 4274 Dindorfius
565 4219 595 4272 in
613 4219 757 4273 Thesauro
776 4217 829 4275 vol.
844 4217 867 4270 V
886 4235 915 4287 p.
929 4221 1003 4273 1567.
1021 4213 1124 4270 DIND.
