2520 4590
138 216 146 232 ⁹
198 273 217 335 8
325 307 327 312 ·
550 269 852 336 PROOEMIUM.

198 443 357 508 Helenam
378 441 531 506 babuisse
547 442 665 528 viginti
688 442 753 505 fere
777 443 882 523 aunis,
906 443 938 504 ll.
964 469 1000 524 ω,
1017 444 1088 504 165.
1135 441 1217 506 Post

199 536 334 593 mortem
358 525 487 592 Paridis
508 528 664 611 sunt‚qui
687 527 861 612 Deiphobo
885 552 954 592 eam
976 526 1128 612 nupsisse
1149 537 1217 590 tra-

199 614 290 692 dant,
315 639 343 677 v.
367 613 525 700 Heynii
548 613 688 679 Excurs.
711 613 781 679 ΧΗ.
807 612 847 677 ad
872 614 973 699 Verg.
987 613 1027 677 L.
1050 612 1083 676 ll.
1106 614 1217 677 Aene-

198 698 288 776 idos;
335 699 429 764 cuius
464 700 510 763 rei
544 723 608 763 non
655 723 790 783 prorsus
840 701 988 786 ignarum
1036 699 1218 763 Homerum

199 786 300 851 fuisse
324 784 459 871 colligas
483 808 523 848 011
547 783 676 848 duobus
702 784 873 872 Odysseae
896 786 996 866 locis,
1020 787 1051 867 d,
1078 786 1151 850 276.
1176 788 1217 867 θ,

200 874 274 936 517.
327 871 409 935 Post
432 880 561 955 captam
593 871 706 935 urbem
730 880 802 935 orta
824 873 908 935 inter
930 870 1030 936 duces
1053 867 1220 936 discordia

199 981 276 1044 pars
304 980 378 1021 oum
399 957 647 1043 Agamemnone
669 958 842 1038 remansit,
872 966 909 1020 ut
937 957 1108 1021 Minervae
1137 955 1220 1019 iram

200 1043 386 1127 expiarent3
418 1065 495 1128 pars
518 1066 592 1107 cum
613 1042 755 1108 Nestore
778 1053 811 1107 et
831 1043 984 1108 Menelao
1007 1042 1138 1106 domum
1161 1064 1220 1127 pe-

202 1131 265 1209 tiit,
291 1127 416 1215 Odyss
438 1156 469 1210 y,
494 1132 552 1192 111
578 1151 627 1212 sq.
673 1128 740 1194 Sed
764 1128 909 1192 Menelai
924 1129 1091 1215 navigatio
1115 1150 1220 1213 prope

202 1215 341 1282 Sunium
371 1214 503 1279 Atticae
530 1215 788 1301 promontorium
818 1215 1025 1300 interpellata
1055 1223 1105 1279 est
1127 1213 1221 1279 obitu

203 1312 236 1366 et
263 1302 376 1364 funere
405 1301 650 1386 gubernatoris:
681 1324 746 1384 quo
775 1301 922 1385 perlecto
953 1324 1052 1385 quum
1082 1299 1123 1363 ad
1145 1299 1220 1364 Ma-

201 1389 285 1452 leam
305 1387 516 1466 accessisset,
550 1395 744 1472 tempestate
779 1385 925 1451 deicctus
948 1386 1220 1485 naufragiumque

201 1494 319 1561 passus
351 1481 401 1536 est
431 1471 473 1536 ad
505 1471 648 1536 Cretam.
697 1470 798 1538 Unde
828 1473 971 1557 quinque
1001 1473 1141 1537 navibus
1168 1494 1219 1536 re·

203 1560 308 1645 ceptis
344 1559 431 1623 circa
464 1558 585 1623 multos
614 1558 755 1646 populos
786 1567 925 1645 vagatus
959 1558 992 1621 in
1027 1562 1219 1644 Aegyptum

203 1644 344 1728 denique
365 1644 525 1726 pervenit.
569 1643 622 1708 Ibi
643 1643 790 1728 hospitio
813 1666 892 1708 usus
915 1653 965 1708 est
987 1643 1107 1730 Polybi
1130 1643 1219 1707 The-

203 1731 279 1797 bani
300 1738 333 1794 et
353 1729 498 1810 Thonis,
527 1729 703 1812 multisque
727 1729 852 1813 etipse
875 1738 908 1793 et
931 1730 1057 1794 Helena
1079 1729 1221 1794 muneri-

203 1819 264 1883 bus
286 1815 394 1879 ornati
416 1824 502 1880 sunt.
546 1816 628 1879 Mox
652 1817 686 1879 in
712 1816 820 1879 Pharo
843 1814 950 1879 insula
971 1816 1076 1880 ventis
1099 1815 1221 1900 iniquis

206 1902 360 1969 detentus
384 1901 499 1965 Protei
521 1901 648 1966 monitu
672 1904 864 1989 Aegyptum
885 1902 1020 1987 repetiit
1042 1901 1222 1966 sacrificio·

202 2011 274 2053 rum
296 2008 398 2051 causa
434 1986 746 2072 persolvendorum
787 1995 952 2072 postremo
988 1987 1126 2074 placatis
1150 1987 1222 2052 deis

203 2094 289 2139 anno
322 2080 439 2138 octavo
465 2075 499 2135 111
526 2074 665 2159 patriam
694 2073 801 2138 rediit.
852 2070 975 2160 Odyss.
1028 2102 1066 2155 y,
1091 2076 1153 2137 276
1177 2110 1221 2122 -

203 2162 276 2226 312.
321 2164 352 2241 d,
376 2160 427 2222 81.
452 2158 522 2223 125.
547 2161 621 2223 227.
644 2161 705 2226 351
731 2197 772 2206 -
795 2161 867 2224 586.

286 2245 341 2310 Ab
370 2244 433 2309 hac
463 2244 601 2309 Homeri
636 2245 824 2310 narratione
860 2254 1018 2328 quantum
1055 2242 1223 2331 discrepet

203 2329 401 2418 Euripides,
431 2353 448 2394 e
480 2331 618 2417 prologo
650 2332 781 2397 fabulae
812 2352 1011 2418 cognoscere
1041 2329 1127 2394 licet.
1181 2331 1222 2395 In

203 2441 269 2502 quo
292 2439 378 2502 quae
399 2415 523 2502 scripta
543 2426 618 2482 sunt
641 2443 693 2482 vv.
716 2419 757 2482 36
778 2455 820 2465 —
834 2420 885 2484 41.
908 2416 948 2480 de
972 2415 1061 2480 lovis
1084 2415 1222 2481 consilio

203 2503 381 2587 causisque
412 2501 545 2567 conflati
576 2504 654 2568 belli
687 2502 839 2584 Troiani,
883 2503 999 2587 hisque
1037 2502 1154 2565 similia
1187 2503 1222 2567 111

205 2589 325 2656 Oreste
355 2613 386 2656 v.
422 2590 589 2669 1(538.,„in
612 2590 745 2653 Electra
766 2613 796 2652 v.
823 2589 933 2669 1280,
965 2589 998 2650 in
1020 2588 1135 2673 fragm.
1157 2587 1222 2654 inc.

204 2686 288 2762 trag.
314 2677 400 2757 100,
422 2698 441 2738 a
463 2673 596 2741 Stasino
620 2675 770 2760 sumpsit,
795 2696 853 2740 seu
877 2675 950 2759 quis
974 2672 1057 2737 alius
1079 2674 1142 2738 fuit
1165 2674 1223 2758 qui

204 2759 329 2848 Cypria
350 2760 501 2845 scripsit,
525 2783 655 2825 carmen
677 2762 822 2847 epicum,
847 2759 888 2825 de
911 2761 1006 2826 cuius
1029 2769 1223 2846 argumento

203 2847 378 2912 memoriae
408 2844 556 2932 prodidit
576 2848 715 2913 Proolns
738 2847 772 2911 in
793 2845 1077 2925 Chrestomathia,
1107 2868 1223 2912 versus

204 2943 314 2997 autem
345 2955 422 3014 eos,
455 2933 573 3018 quibus
604 2957 683 2998 usus
713 2945 765 2998 est
794 2931 988 3018 Euripides,
1019 2931 1222 2998 Scholiastes

203 3019 352 3084 Venetus
375 3021 521 3084 servavit
544 3019 587 3084 ad
609 3021 707 3085 Hom.
729 3019 825 3085 Iliad.
849 3047 881 3103 a,
905 3021 934 3083 5.

246 3131 287 3216 ἦν
303 3136 358 3203 ὅτε
370 3145 475 3222 μυρία
490 3142 581 3225 φῦλα
595 3135 678 3203 κατὰ
690 3136 807 3223 χθόνα
823 3135 994 3222 πλαζόμεν’
1015 3137 1174 3228 [ἀνδρῶν]
1189 3141 1222 3224 *)

246 3271 256 3289 .
356 3271 364 3287 .
408 3271 416 3290 .
460 3225 690 3308 βαροστέρνου
714 3224 765 3308 **)
789 3221 912 3302 πλάτος
932 3224 1008 3303 αίης

247 3309 328 3384 Ζεύς
349 3311 385 3374 di
407 3309 488 3374 ὶόών
511 3313 621 3388 ἐλέησε
645 3313 700 3375 καὶ
724 3317 759 3375 ἐν
781 3322 935 3387 ποκιυαῑς
956 3313 1158 3392 πραπίδεσσι

196 3451 200 3459 .
248 3391 396 3459 σύνθετο
420 3400 583 3483 κουφίσαι
606 3395 878 3480 οίνθροίτταν”*)
902 3393 1108 3485 παμβοίτορα
1122 3407 1223 3483 γαῖαν

246 3482 403 3564 ῥιπίσοας
423 3483 572 3563 πολέμου
594 3479 742 3566 μεγάλην
764 3485 833 3568 ἔριν
853 3482 1019 3559 Ἰλιακοῖο,

248 3561 341 3655 ὄφρα
361 3563 531 3632 κενώσαεν
554 3565 696 3652 θανάτῳ
720 3565 843 3653 παρος·
867 3572 899 3634 οἱ
923 3569 954 3634 δ’
980 3573 1028 3634 ἐνὶ
1057 3572 1150 3662 Τοοίι

246 3651 349 3740 ἥρωες
372 3656 559 3718 κτείνοντο·
588 3652 668 3730 Διὸς
687 3654 718 3720 δ’
744 3659 899 3721 ἐτελείετο
921 3651 1040 3739 βουλή.

209 3790 408 3803 Ἤ-

254 3876 280 3941 *)
304 3877 392 3940 Vulgo
405 3871 556 3939 πλαζόμενοι.
575 3877 709 3928 Lacunam
722 3881 837 3943 explevit
850 3879 941 3929 Wolf
946 3882 1007 3933 ius.
1028 3880 1117 3946 [Hunc
1137 3883 1223 3947 ipsum

307 3948 394 3996 locum
417 3949 541 3997 tractavit
564 3944 597 3997 G.
618 3947 826 3999 Hermannus
851 3950 884 3998 ad
905 3951 983 3999 buius
1004 3951 1109 4002 fabulae
1132 3968 1156 4000 v.
1176 3951 1221 4004 40.

239 4083 279 4145 **)
303 4016 495 4149 50911οξ0556
511 4085 600 4136 Wolf
606 4088 675 4146 111ος
694 4094 773 4146 reete,
793 4093 821 4136 ut
838 4089 943 4151 opinor.

221 4152 280 4218 ***)
304 4156 446 4217 κουφίοοαι
465 4150 568 4220 ἀνδροῖν
585 4155 740 4209 Wolfius.
761 4156 850 4207 Malim
871 4163 1014 4220 κουφιόσαε
1034 4156 1163 4221 μερόπων.
