2520 4590
144 161 185 225 14
238 170 243 178 ·
578 161 766 215 EURIPIDIS

141 317 197 384 καὶ
226 312 272 383 δι’
302 313 430 426 ἁπαλῆς
456 341 493 404 γε
524 318 583 404 τῆς
609 315 781 428 φάρυγγος
811 315 1060 428 ἐκδεδράμηκεν
1092 313 1220 399 ὀιστός·

143 401 160 473 ὸ
155 403 224 473 66
247 406 281 484 ἐς
303 394 385 472 αύτὸ
409 403 651 474 διατέταται
619 431 656 472 το
681 405 823 493 στέρνον
844 403 943 473 καὶ”
924 406 1054 518 066061)
1077 409 1143 476 τοῦ
1164 408 1218 494 βέ-

143 501 223 573 λους
244 494 357 605 μέσων
380 497 627 562 διεκπεπαίκασι
654 496 724 561 τῶν
750 493 965 605 σπονδύλων,
992 491 1038 574 ὥς
1068 498 1157 607 δῆλα
1185 494 1254 577 6³.

141 583 291 695 πλευράν
323 583 617 694 ἐρριμμένωνΑ
585 587 633 650 Ac
657 584 789 665 παρειαί
822 582 860 649 66
887 579 1001 651 αύτων
1028 578 1254 674 διάβροχοι,

141 669 259 739 καί
221 699 265 758 μη
288 671 514 781 θαυμάσης,ε
499 676 530 738 εί
552 670 742 758 έδάκρυσάν
764 696 796 738 τι
818 673 893 760 περὶ
920 676 982 783 τού
1005 674 1217 784 066666666

143 758 305 828 Παισὶ
271 786 332 916 666
355 764 504 865 χρυσοῦν
526 759 563 827 τὸ
589 764 746 872 δάκρυον,
768 761 824 828 καὶ
851 760 972 848 μικρὸν
996 758 1027 828 δ’
1056 771 1139 841 ἴσως
1160 762 1216 831 καί

144 850 312 936 μέχα.0
313 852 500 959 ίστρούντι
506 847 611 939 6666
631 845 788 958 Ηρακλεῑ
812 855 993 960 περίκειται
1015 853 1082 929 πάς
1105 848 1123 918 6
1148 853 1216 919 τῶν

144 941 281 1005 οἰκετῶν
315 940 432 1047 δῆμος,
465 932 539 1005 οἷον
571 917 730 1023 βουκόλοι
758 937 882 1048 ταύρω
897 935 1069 1044 ὑβρίζοντι
1076 993 1085 1025 ,
1114 942 1219 1026 δῆσαί

144 1052 194 1104 τις
226 1024 453 1111 ἐπιβουλεύων
483 1025 540 1093 καὶ
571 1041 748 1137 κατασχεῖν
782 1052 833 1106 τις
864 1023 978 1112 άγωνα
1010 1027 1215 1139 ποιούμενος

141 1115 197 1181 καὶ
224 1112 393 1202 κεκραγὼς
424 1115 547 1202 ἕτερος·
580 1111 598 1183 6
633 1113 722 1182 66’'
700 1140 839 1202 ηρτηται
871 1118 939 1183 666
965 1119 1102 1204 χειρῶν,
1132 1142 1151 1186 ο
1134 1112 1211 1184 “δ’

139 1200 284 1271 ύποσκελ
287 1208 426 1307 ίζει,οί“
410 1203 493 1270 666
525 1202 731 1272 ένάλλουται.
793 1207 854 1314 Τφ
886 1203 923 1272 66
959 1213 1121 1314 αἴσθησις
1153 1205 1214 1293 666
1249 1258 1253 1265 .

143 1289 255 1360 αὐτῶν
291 1288 444 1403 οὐδεμία,
487 1288 683 1403 άναρριπτεί
722 1292 760 1359 66
799 1272 878 1372 τόύς
918 1291 1123 1379 προσιόντας
1158 1294 1214 1363 καί
1250 1290 1254 1341 .'

142 1394 318 1493 συμπατεί,
347 1379 434 1449 πολύ
460 1379 522 1468 μὲν
547 1385 610 1449 τού
640 1377 752 1469 ἀφροῦ
772 1380 983 1492 διεκπτύων,
998 1386 1155 1493 μειδιῶν
1177 1380 1214 1451 66
1251 1434 1254 1445 .

142 1468 311 1586 βλοσυρὸν
342 1471 398 1538 καὶ
427 1471 542 1626 ξένον,
580 1471 635 1576 καί
667 1484 738 1549 τοῖς
765 1466 956 1557 ὀφθαλμοῖς
988 1467 1151 1584 ἀτενίζων
1181 1472 1215 1551 ές
1251 1484 1254 1541 ζ

144 1557 229 1627 αύτά
251 1554 272 1625 6
297 1562 374 1649 δρᾷ,
401 1557 465 1647 666
491 1558 528 1626 66
555 1561 617 1627 τού
643 1559 828 1670 βλέμματος
851 1556 1034 1626 ἔννοιαν’
1016 1561 1159 1672 απάχων
1180 1561 1254 1641 ές

142 1643 164 1714 6
197 1613 402 1734 έξηπάτητόιι.
447 1651 616 1760 Βρυχάται
649 1645 739 1714 66‘
722 1674 743 1734 6
776 1647 925 1759 φάρυγξ,
957 1646 1065 1715 666‘
1050 1675 1069 1716 0
1104 1645 1254 1767 66666i
1246 1628 1254 1697 6'

143 1738 392 1850 ἐμπίπλαται,
384 1737 440 1803 καὶ
468 1735 667 1804 άνοιδούσιν
694 1740 732 1803 αί
760 1737 835 1823 περὶ
869 1733 973 1804 αύτδν
1001 1737 1138 1823 φλέβες,
1167 1726 1254 1817 δι’,1

143 1852 192 1894 ων
216 1826 249 1904 ές
270 1851 310 1892 τα
332 1831 446 1935 καίρια
457 1829 526 1937 τῆς
546 1828 692 1935 κεφαλῆς
715 1823 856 1930 6666666
875 1829 964 1892 πᾶσα
990 1832 1134 1913 χορηγία
1156 1828 1215 1915 τῆς

144 1914 259 1981 νόσου.
308 1911 376 2000 Τὴν
400 1913 437 1980 66
457 1910 640 2001 Ἐρινύν,
626 1940 647 2000 6
671 1917 774 1981 ταῦτα
799 1923 947 2026 ἴσχυσεν,
974 1914 1027 1981 ἐπὶ
1050 1913 1114 2000 666
1138 1934 1254 2026 σκηυ,

146 2005 210 2112 666
231 1999 317 2080 εἶδες
339 2000 507 2088 πολλάκις,
531 2004 680 2070 ἐνταῦθα
704 2001 741 2070 66
769 2001 831 2071 ούκ
854 1997 897 2069 66
921 2006 1019 2081 ίδοις·
1046 2006 1081 2081 ἐς
1108 1999 1254 2115 66666

143 2088 218 2204 666·
230 2090 466 2201 ἐσφκίσατο
433 2116 494 2158 τον
511 2089 679 2178 Ἡρακλέην
701 2092 757 2158 καὶ
781 2088 837 2203 666
850 2095 911 2159 τού
926 2092 1068 2203 στέρνου
1081 2086 1254 2180 χορεύει

142 2180 247 2266 μέσου
276 2176 365 2288 αὐτῷ
390 2188 467 2247 είσω
495 2184 660 2266 σκιρτῶσα
687 2178 803 2247 καὶ
771 2206 830 2248 τον
858 2177 1020 2266 λογισμὸν
1048 2184 1254 2249 θολούσα.

142 2271 253 2354 Μέχρι
276 2266 405 2337 τούτων
427 2266 448 2355 6
472 2268 598 2355 γραφή·
621 2269 755 2356 ποιηταὶ
783 2268 821 2379 66
843 2273 1133 2355 προσπαροινούσι
1157 2269 1210 2336 καί

144 2355 348 2469 66666606
316 2383 377 2425 τον
395 2356 556 2442 Ηρακλέα
583 2358 639 2424 καὶ
662 2361 765 2425 ταῦτα
783 2356 843 2425 τὸν
862 2357 1049 2446 Προμηθέα
1064 2356 1254 2463 φάσκον-

143 2471 195 2524 τες
217 2443 273 2512 ύπ’
300 2443 405 2514 66606
428 2445 599 2515 λελύσθαι.

219 2624 237 2692 ¹)
268 2621 297 2677 06
325 2619 406 2693 όχιιοι
435 2623 550 2694 corrigit
579 2624 729 2680 Iacobsius
780 2625 881 2680 Recte:
915 2624 1084 2692 videturque
1115 2625 1209 2680 eadem

142 2695 252 2752 ratione
269 2695 366 2778 paullo
385 2697 450 2750 ante
469 2690 676 2750 scribendum
665 2715 680 2750 ο
700 2690 799 2758 ὀϊστός.

217 2766 238 2835 ²)
258 2765 400 2821 Iacobsius
419 2767 490 2822 coni
511 2765 538 2821 εί
556 2762 699 2836 ἐδάκρυσά
722 2788 749 2822 τι
767 2768 832 2836 περὶ
855 2767 905 2820 τού
925 2766 1073 2835 δακρῦσαι.
1112 2766 1209 2821 Malim

145 2838 243 2894 ceteris
262 2837 378 2894 servatis
397 2838 484 2894 deleri
502 2841 627 2894 extrema
644 2838 778 2908 περὶτοῦ
798 2839 944 2906 δακρῦσαι
