2520 4590
552 224 763 276 ΕΥΡΙΠΙΔΟΥ

289 392 397 458 ε’λττίδι
416 388 550 477 φάνθη,

289 494 443 584 λαμπράν
463 491 495 564 δ’
518 490 614 574 ἔδειξ’
636 489 654 562 ό
674 492 795 583 χρόνος

289 601 351 671 τάν
365 598 544 691 Ἡρακλέος
562 596 681 668 άλκάν·

291 706 328 790 ὃς
345 711 407 795 χᾶς
425 710 520 795 ἐξέβα
537 705 716 793 θαλάμων,

289 814 492 895 Πλούτωνος
511 816 606 900 δῶμα
625 809 732 880 λαιάν
751 815 917 901 νέρτερον.

291 928 455 1011 κρείσσων
474 947 530 1008 μοι
548 919 714 1007 τύραννος
733 924 818 1005 έφνς

290 1023 311 1114 ἢ
331 1023 497 1114 δυσγένει’
521 1023 689 1111 άνάκτων,

292 1130 312 1202 ά
331 1136 397 1202 νῦν
415 1135 576 1220 ἐσορῶντι
594 1137 708 1219 φαίνει

293 1239 494 1328 ξιφηφόρων
513 1241 546 1320 ές
565 1236 708 1326 άχάνων

293 1344 449 1434 ἅμιλλαν,
469 1343 555 1414 εἰτὸ
576 1351 708 1414 δίκαιον

290 1463 384 1535 θεοῖς
403 1450 459 1521 ἔτ’
471 1449 612 1541 ἀρέσκει.

131 1673 211 1735 XO.
237 1671 274 1734 ἕα
294 1671 340 1733 ἔα.
376 1732 384 1744 ,
1155 1684 1209 1733 ere

239 1763 292 1861 ἆρ’
314 1775 348 1852 ἐς
365 1769 425 1839 τὸν
444 1768 550 1838 αὐτὸν
569 1776 710 1838 πίτυλον
728 1765 853 1856 ἥκομεν
872 1767 1000 1856 φόβον,

241 1879 407 1966 γέροντες,
427 1872 502 1945 οἷον
521 1873 627 1964 φάσμ’
649 1871 734 1965 ὑπέρ
753 1875 869 1962 δόμων
888 1870 973 1964 ὁρῶς

132 1991 319 2052 ΗΜΙΧΟ.
338 1984 368 2050 α’
397 1985 504 2071 φυγῇ,
525 1986 617 2071 φυγῇ

237 2088 347 2170 νωθὲς
365 2092 501 2177 πέδαιρε
520 2090 644 2176 κῶλον,
664 2086 816 2157 ἐκποδὼν
835 2094 901 2156 ἔλα.

167 2311 201 2365 V.
229 2317 289 2367 804.
322 2306 374 2364 οὐκ
403 2305 495 2363 ἑλπίδι
523 2307 637 2380 φάνθη]
693 2309 854 2364 etiamnunc
877 2309 920 2363 dis
946 2311 1063 2364 honeste
1083 2312 1115 2364 ct
1132 2311 1211 2367 iuste

133 2381 236 2436 Sensus
260 2384 313 2436 est:
344 2382 419 2436 ‘Iam
444 2380 518 2434 onim
544 2381 638 2450 explo-
693 2381 841 2450 placeant'
869 2380 927 2433 sive
948 2380 1039 2434 ‘cuius
1058 2383 1147 2436 caede
1166 2383 1211 2436 in·

131 2455 224 2507 rutum
251 2453 322 2506 mihi
349 2456 392 2507 cst
418 2471 435 2507 a
457 2456 486 2507 tc
513 2453 639 2522 genitum
693 2453 838 2521 tellegitur
866 2450 991 2504 divinem
1019 2467 1080 2505 esse
1110 2470 1211 2507 curam

133 2523 202 2578 olim
221 2540 280 2578 esee
299 2524 462 2590 Herculem,
485 2524 561 2591 quod
584 2540 640 2576 non
693 2522 762 2576 iuris
781 2528 810 2576 et
827 2521 965 2576 iniuricc'.

134 2594 269 2664 speretis,
298 2595 346 2648 sed
373 2594 529 2649 manifestis
557 2595 640 2648 rebus
730 2594 763 2647 V.
776 2599 835 2648 816.
855 2593 906 2646 Iris
922 2609 985 2646 cum
995 2592 1111 2661 Furore,
1127 2611 1210 2648 mon-

131 2666 290 2736 appcruit'.
323 2667 452 2720 Fortasse
472 2669 556 2751 pecte
575 2665 640 2718 scri·
695 2668 752 2719 stro
781 2663 933 2730 horrendo,
966 2679 1017 2731 per
1043 2665 1210 2719 machinam

132 2738 200 2861 μμίοε
215 2733 381 2863 ὃάςέπιφτφν
402 2781 407 2791 .
428 2780 434 2791 .
454 2756 484 2790 ιο
506 2731 569 2789 σόν·
594 2731 641 2789 sd·
695 2735 872 2859 conspicitur.
906 2765 939 2774 —
971 2736 1032 2788 XO.
1065 2735 1211 2805 significet

134 2828 196 2862 επι
305 2828 340 2861 αν
385 2852 390 2863 .
695 2824 728 2861 co
801 2823 890 2860 ceum.

168 2881 202 2935 V.
228 2829 302 2936 805?
317 2829 396 2934 Ateii.
420 2880 453 2932 fr.
479 2885 510 2931 61
541 2872 642 2946 χρόνος
729 2825 845 2931 Vipiild.
869 2877 984 2930 τιίτνλον
1003 2872 1111 2948 φόβον]
1132 2878 1211 2932 Infra

132 2949 165 3004 δὲ
185 2953 272 3016 δείξει
292 2947 318 3005 c’
344 2983 388 3007 -.
413 2950 497 3019 Soph.
523 2948 589 3002 Oed.
610 2948 641 3002 T.
696 2967 721 3004 v.
739 2954 806 3002 1187
822 2946 984 3019 μαινομένφ
998 2943 1116 3020 πιτόλφ.
1144 2949 1209 3018 Iph.

134 3028 187 3075 614
210 3021 311 3089 χρόνος
333 3024 446 3075 δίκαιον
470 3016 562 3087 ἄνδρα
585 3018 642 3072 δεί-
696 3020 840 3072 Τειαα.307
856 3020 1093 3088 μανίαςπίτνλον.
1118 3019 1210 3074 Meter

133 3110 231 3144 κννσιν
243 3087 336 3161 μόνος.
361 3094 412 3147 Est
423 3093 497 3145 enim
507 3090 641 3144 sollemne
696 3090 786 3158 phora
801 3090 907 3157 eedem,
921 3105 976 3156 que
990 3089 1090 3144 Aesch.
1108 3090 1209 3159 Suppl.

131 3159 162 3213 in
172 3159 227 3214 iste
245 3162 385 3216 sententie
399 3164 514 3216 verbum
530 3157 641 3213 δειννό-
696 3167 746 3214 641
777 3161 875 3232 οίστρφ
903 3157 1082 3229 έρεσσομένα.
1127 3160 1208 3216 Confi

133 3250 189 3284 ναι.
231 3231 303 3284 Vide
331 3233 431 3286 Valck.
460 3233 495 3286 ad
528 3231 640 3300 Hippol.
696 3232 732 3284 ad
766 3232 825 3285 Alc.
855 3237 914 3285 798.
963 3230 1111 3298 Proxima,
1146 3230 1209 3287 οἷον

132 3305 193 3356 428.
214 3332 247 3340 -
266 3297 405 3370 λαμπράν.
437 3303 508 3356 Vide
526 3319 589 3355 unn.
605 3301 641 3354 ad
696 3297 836 3369 φάσμ’-
853 3298 918 3369 ὁρῶ,
938 3318 1050 3355 causum
1069 3303 1210 3372 euspicio-

132 3392 158 3428 τ,
179 3378 239 3426 641.
694 3373 738 3426 nis
758 3373 912 3426 declarent.
947 3372 992 3426 Sic
1006 3372 1087 3427 Hom.
1105 3373 1207 3444 Odyes.

169 3442 202 3499 V.
218 3448 279 3497 809.
302 3441 403 3495 Sensus
419 3444 473 3495 est:
492 3442 568 3497 Maio
588 3458 640 3511 ego
696 3450 774 3512 ρ479
789 3439 826 3513 μή
843 3462 872 3496 σε
888 3441 949 3497 νέοι
964 3439 1012 3496 διά
1027 3444 1109 3513 δῶμα
1126 3440 1208 3515 έρόσ-

133 3517 162 3570 te
190 3531 286 3584 regem
312 3513 368 3566 ieta
398 3513 506 3582 origine
535 3517 641 3567 cretum
696 3509 773 3581 σωσ’,
802 3508 841 3567 οἷ’
870 3508 1025 3583 ἀγορεύεις.
1072 3514 1148 3572 Vide
1171 3516 1209 3570 cd

134 3604 219 3654 quam
236 3583 393 3655 ignobilem
407 3585 489 3652 hunc,
505 3585 554 3653 qui
568 3601 640 3638 nunc
695 3585 755 3638 Alc.
775 3591 836 3639 948.

124 3657 285 3726 imperitat.
310 3686 343 3695 -
367 3650 498 3708 άνάκτων
522 3655 554 3708 in
579 3656 640 3723 plu·
729 3656 763 3708 V.
775 3661 835 3710 818.
848 3654 1089 3726 φνγῇ..τιε’δαιρε
1101 3657 1208 3727 κῶλον]

132 3728 199 3795 reli,
218 3732 251 3782 ut
268 3745 294 3781 v.
314 3732 383 3780 1156
412 3724 513 3792 ξένων,
538 3745 563 3781 v.
589 3732 640 3779 667
694 3727 748 3781 cfr.
766 3726 852 3796 Soph.
868 3726 947 3781 oli.
967 3732 1018 3780 468
1034 3727 1114 3795 φνχᾷ
1129 3723 1209 3782 πόδα

132 3799 241 3852 καινῶν
259 3793 414 3866 τυράννων.
695 3799 801 3865 νωμᾶν.
821 3797 939 3852 Aeolica
952 3798 1042 3852 forme
1056 3800 1208 3867 πεδαίρειν

168 3869 202 3922 V.
222 3874 283 3922 811.
314 3868 526 3938 Coniungendee
550 3861 567 3935 ἣ
587 3868 641 3921 νῦν
695 3868 771 3936 apud
785 3868 948 3937 Euripidem
967 3870 1113 3936 comparet
1131 3869 1207 3924 infra

135 3933 268 4024 ἐσορῶντι
287 3935 317 4000 ές
335 3934 453 4008 άμιλλαν
472 3935 640 4008 ξιφηφόρων
695 3956 721 3993 V.
742 3945 793 3992 872
813 3939 842 3992 in
866 3939 1096 3993 concitatioribus
1119 3942 1208 3995 tetra·

132 4003 254 4077 άηωνων
277 4012 389 4079 φαίνει,
416 4009 444 4064 εί
466 4052 472 4063 .
496 4051 502 4062 .
526 4006 641 4078 άρέσκει
695 4010 802 4075 metris,
820 4009 925 4064 Phoen.
946 4014 1023 4078 1027,
1048 4010 1134 4066 Rhes.
1154 4017 1207 4064 372

133 4081 195 4133 1ο.
220 4079 308 4147 ‘quae
332 4098 416 4147 quem
439 4084 569 4136 eventum
592 4082 641 4134 he·
694 4081 724 4134 in
738 4080 859 4146 melicis3
879 4077 1039 4149 πεδάρσιος,
1054 4077 1207 4150 πεδάορος,

133 4150 228 4204 buerit
249 4149 332 4203 huius
357 4153 504 4206 certamini
527 4153 551 4205 si
579 4151 641 4220 quis
695 4153 874 4221 πεδαίχμιος,
898 4149 1031 4213 πέδοικος
1049 4153 1207 4222 Aeschylus

125 4219 252 4294 respicit,
269 4221 295 4277 ei
310 4237 478 4292 cognoscere
488 4223 563 4293 licet,
574 4242 641 4278 num
696 4223 791 4292 hebet,
811 4222 897 4276 etiem
915 4222 944 4275 in
963 4221 1106 4280 trimetris.
