2520 4590
504 197 703 253 commml.
1097 199 1138 263 11

81 335 195 426 πάντες
219 335 314 434 πλήν
327 334 539 431 Ἀδράστου,
557 340 617 410 καὶ
641 337 689 426 ὡς
708 339 1020 438 μονομαχήσοντες
1045 342 1138 436 πρὸς

76 437 248 537 όλλήλους
278 435 467 534 Ἐτεοκλής
506 442 566 511 καλ
599 445 828 537 Πολυνείκης
869 441 937 516 ὑπ’
974 441 1138 542 ἀλλήλοιν

72 539 223 637 ’ἑκάτεροι
249 537 491 636 άνηρεθησαν,
525 544 585 614 καλ
612 541 661 628 ὡς
687 548 850 616 ἐλθοῦσα
877 543 970 640 πρὸς
997 543 1137 634 αὐτοὺς

27 712 30 717 .
69 639 219 738 Ἰοκάστη
243 643 304 713 καλ
326 640 547 737 τεθνηκότας
565 643 730 737 εὑροῦσα
748 643 1026 741 συναπίσφαξεν
1050 652 1137 720 εἀυ-

67 741 144 841 τήν,
177 745 237 815 καλ
265 741 315 829 ὡς
338 749 466 837 Κρέων
497 742 682 839 ἆήάμενος
716 751 780 842 τῆς
811 743 923 843 άρχής
942 746 1137 845 ΙἜλτεοκλήν

64 845 123 938 μλν
148 842 299 933 θάπτει,
330 848 560 940 Πολυνείκην
587 847 627 919 δὲ
653 846 796 942 ἄταφον
823 858 917 919 εἴασε
944 851 1004 920 καὶ
1032 856 1136 922 Οἰδί-

64 968 160 1020 πουν
186 950 252 1042 τής
278 943 415 1032 πόλεως
442 943 604 1042 ἐξήλασε,
641 947 758 1021 πάντα
787 954 902 1022 ταῦτα
928 948 1136 1048 Εὐριπίδης

62 1053 169 1121 ἔνδον
195 1044 284 1119 κατὰ
311 1046 443 1119 λεπτὸν
469 1055 651 1144 διηγεῖται.

153 1147 259 1221 ’Ἐστι
286 1148 326 1221 δὲ
352 1147 394 1220 τὸ
422 1147 541 1243 παρὸν
568 1156 686 1246 δρᾶμα
719 1156 791 1224 τῶν
818 1149 910 1245 άγαν
937 1148 1133 1247 ἐξαιρέτων,

61 1255 239 1336 διανοίαις
271 1251 332 1321 καλ
363 1247 518 1343 γνώμαις
552 1258 702 1338 πολλαῖς
728 1254 787 1324 καλ
813 1258 938 1340 καλαῖς
965 1255 1025 1325 καὶ
1052 1275 1135 1325 ποι-

10 1384 13 1439 ,
61 1356 176 1438 κίλαις
202 1349 349 1424 άνθοῦν
374 1353 433 1422 καὶ
460 1360 689 1448 μεταχειρίσει
715 1351 845 1449 ἀρίστη
872 1357 933 1425 καὶ
959 1352 1018 1426 διδ
1040 1353 1134 1428 πάν-

10 1450 19 1553 }
61 1480 134 1526 των
159 1448 335 1545 ἀκμάζον,
368 1461 400 1524 εί
429 1456 489 1524 καλ
522 1451 706 1529 ἀπίθανον
739 1464 808 1550 ἔχει
839 1454 905 1551 τήν
937 1463 987 1542 είς
1015 1454 1137 1551 θήβας

10 1556 13 1629 j
61 1557 316 1640 Πολυνείκους
358 1562 516 1628 εἴσοδον.
574 1561 823 1650 ἐπιγέγραπται
867 1556 907 1628 δὲ
949 1554 1021 1628 άπὸ
1066 1563 1136 1631 τοῦ

60 1659 178 1751 χοροῦ
195 1652 407 1750 Εὐριπίδου
426 1662 618 1729 Φοίνισσαι
643 1655 736 1752 πρὸς
760 1655 1038 1753 ἄντιδιαστολήν
1064 1664 1136 1730 τῶν

59 1755 144 1831 ἑπτὰ
172 1757 231 1829 ἐπὶ
256 1753 376 1853 Θήβας
400 1756 598 1851 Αἰσχύλου.
651 1756 765 1854 ταότη
792 1759 859 1854 γὰρ
887 1765 932 1854 τή
958 1759 1136 1832 ὑποθέσει

59 1855 228 1946 κάκεῑνος
262 1863 388 1955 χρῆται
422 1864 460 1932 ἐν
495 1863 545 1954 τῷ
584 1866 750 1955 δευτέρῳ.
759 1858 784 1956 1)
838 1859 952 1947 αὐτὰς
992 1862 1032 1933 δὲ
1071 1859 1135 1949 τδις

57 1965 270 2056 παρθένους
294 1965 332 2032 ἐκ
351 1966 525 2055 Φοινίκης
538 1957 763 2056 Ἀγηνορίδαι
786 1969 926 2035 θυσίαν
944 1967 994 2056 τῷ
1007 1959 1134 2035 Ἀπόλ

58 2067 147 2135 λωνι
174 2067 354 2155 ἔπεμψαν,
382 2067 515 2149 αἵτινες
540 2064 600 2134 καὶ
626 2062 720 2158 πρὸς
747 2063 921 2158 Δελφοὺς
948 2061 1134 2159 ἐρχόμεναι

50 2168 263 2258 1παρέβαλον
295 2178 373 2250 ταῖς
408 2160 576 2260 Θήβαιςλ)
612 2163 673 2237 διὰ
707 2165 749 2238 τὸ
785 2167 845 2238 καὶ
877 2163 943 2238 τὸν
968 2164 1132 2258 Κάδμον,

56 2264 105 2353 ὡς
131 2273 281 2361 ἔφημεν,
307 2269 345 2336 ἐκ
364 2271 537 2361 Φοινίκης
564 2265 664 2356 εἶναι,
693 2268 752 2339 καλ
773 2263 1042 2366 καταλαβόντος
1064 2273 1135 2341 τοῦ

55 2371 219 2461 πολέμου
246 2363 529 2462 ἠναγκάσθησαν
556 2372 673 2459 μένειν
700 2365 852 2458 αὐτόθι,
887 2373 1004 2463 μέχρις
1037 2365 1131 2465 άνή

54 2467 146 2566 μίαν
175 2465 338 2564 estc·

57 2619 266 2632 ——...-.—-

49 2712 51 2717 ·
123 2686 151 2749 1)
170 2676 202 2736 ἐν
226 2682 264 2753 τῷ
289 2678 433 2751 δευτέρως
456 2679 588 2748 Aeschyli
611 2681 726 2751 Septem
749 2684 786 2737 ad
805 2684 917 2738 Thebas
942 2685 1038 2752 δρᾶμα
1064 2681 1131 2738 δεί-

52 2769 84 2807 τε
103 2770 136 2806 ον
157 2751 243 2804 vocet
259 2749 292 2802 ut
314 2736 408 2803 solent
459 2747 605 2802 ammatici
620 2749 783 2817 Byzantini,
806 2751 855 2817 qui
877 2753 936 2805 tres
958 2751 1070 2804 tantum
1088 2750 1131 2804 fc-

53 2817 72 2873 b
143 2817 257 2898 primas
268 2816 363 2886 legere
376 2765 513 2875 sclfflent.
530 2816 632 2873 DIND.
667 2817 774 2871 Eodem
792 2833 869 2872 more
883 2812 1019 2886 δεύτερον
1032 2818 1130 2887 δρᾶμα

53 2884 197 2957 Euripsdis
214 2883 356 2940 vocabant
373 2884 502 2940 Orestem
524 2885 604 2939 utin
622 2884 706 2942 schol.
725 2885 793 2941 Hec.
815 2891 893 2951 1277,
917 2901 981 2938 cum
999 2900 1130 2939 numera-

53 2957 118 3009 rent
134 2952 292 3019 Hecubam,
312 2952 448 3019 Orestem,
466 2951 641 3015 Phoenissae
677 2950 731 3011 Ofr.
750 2952 836 3006 schol.
855 2953 902 3010 Or.
920 2957 962 3017 25,
983 2957 1038 3006 149.

119 3027 149 3087 2)
170 3020 227 3075 eft.
245 3021 364 3075 Anciact.
384 3021 471 3074 Bekk.
492 3037 521 3088 p.
542 3026 606 3088 112,
624 3026 657 3074 32
679 3021 876 3090 παραβάλλεις
899 3018 941 3081 είς
963 3015 1015 3073 τόν
1037 3013 1130 3074 τόπον

53 3084 119 3144 ἆντλ
137 3089 191 3143 τοί
210 3090 472 3159 φοιτᾶςοννεχῶς,
496 3089 617 3157 scriptor
639 3087 716 3169 apud
734 3087 810 3145 Suid.
829 3106 850 3141 s.
869 3105 895 3141 v.
914 3080 1126 3156 παραβάλλεται

52 3151 253 3278 παραβάλλειν
271 3143 313 3218 ε’ίς
326 3159 465 3212 Σικελίαν
482 3151 554 3224 πρὸς
566 3151 618 3210 τὸν
629 3174 781 3223 τυραννον.
813 3154 881 3210 Cum
895 3155 992 3210 dativo
1004 3155 1131 3210 iunctum

52 3221 127 3279 habe
161 3222 277 3278 verbum
295 3223 377 3294 Diog.
395 3222 425 3278 L.
443 3223 533 3277 V121
552 3218 708 3292 Ἀθήνησιν
725 3220 901 3279 Ἀντισθένει
919 3221 1073 3294 παρέβαλε.
