2520 4590
505 193 705 248 ΦΟΙΝῙΣΣΑΙ.

172 332 225 402 καὶ
251 333 603 431 χρυσοκολλήτοισιν
628 338 785 431 ἐμβεβὼς
812 347 961 437 δίφροις

164 432 272 521 Ἥλιε,
299 441 410 522 θοαῖς
435 440 601 510 ἵπποισιν
628 444 797 514 εἱλίσσων
824 442 954 538 φλόγα,

171 531 213 620 ὡς
241 541 409 634 δυστυχῆ
437 536 588 634 Θήβαισι
615 545 659 635 τῇ
685 538 770 613 τόθ’
797 541 908 639 ἡμέρᾳ

168 631 283 709 ἀκτῖν’
312 643 459 735 ἐφῆκας,
487 638 637 733 Κιίδμος
662 639 758 737 ἡνίκ’
786 638 876 740 ἦλθε
903 653 971 744 γῆν

167 734 283 833 τήνδ’,
310 739 463 813 ἐκλιπὼν
491 747 694 817 Φοίνισσαν
719 749 862 819 ἐναλίαν
888 747 1023 843 χθόνα·

168 836 206 924 ὃς
234 846 348 912 νιαῑδα
374 839 487 938 γήμας
512 839 706 938 Κύπριδος
727 845 916 940 Ἁρμονίαν
948 854 1034 925 ποτὲ

114 1015 116 1019 ,
166 937 398 1036 Πολύδωρον
423 938 588 1039 ἐξέφυσε,
616 951 686 1039 τοῦ
712 948 752 1018 δὲ
778 945 973 1041 Λάβδακον

165 1046 280 1135 φῦναι
307 1049 488 1136 λέγουσιν,
515 1050 553 1117 ἐκ
580 1047 620 1117 δὲ
646 1053 758 1120 τοῦδε
784 1047 909 1126 Λιίιον.

164 1140 232 1234 ἐγὼ
259 1144 300 1215 δὲ
326 1161 410 1232 παῖς
437 1146 499 1239 μὲν
525 1144 695 1242 κλῄζομαι
720 1157 933 1243 Μενοικέως,
1104 1178 1137 1231 10

163 1248 290 1338 Κρέων
316 1244 349 1318 τ’
378 1244 541 1342 ιἰδιλφὸς
568 1248 703 1344 μητρὸς
728 1256 766 1323 ἐκ
794 1259 875 1345 μιᾶς
900 1263 989 1350 ἐφυ·

80 1510 137 1590 νιίίΙ
150 1511 248 1577 decus,
319 1511 463 1567 {auena
486 1529 573 1569 cassu
623 1513 805 1582 significaret.
837 1513 892 1568 cfr.
909 1515 971 1584 Iph.
991 1516 1024 1576 Τ.
1043 1524 1059 1573 2
1078 1520 1137 1574 Πέ-

78 1583 154 1645 pua
168 1579 275 1647 flammi
289 1594 334 1634 cro
350 1581 473 1637 ambiens
496 1583 571 1637 Πίιι·
624 1584 681 1646 λοψ
702 1621 731 1637 ..
751 1580 794 1644 είς
810 1583 908 1636 Πῖσαν
927 1582 1023 1652 μολδν
1044 1590 1137 1651 θοαῖς

75 1651 119 1702 δτι
138 1646 221 1702 luctu
242 1648 346 1702 ιατιιέι
370 1650 454 1703 λιτήν
478 1656 571 1719 capul,
624 1648 768 1710 ίιιιιοισιν,
824 1649 978 1706 Praeterea
1016 1653 1137 1709 adnotat

73 1710 125 1781 Do,
151 1715 272 1782 Phoebe,
298 1715 422 1783 veniam,
449 1718 475 1772 si
501 1718 572 1786 quid
623 1713 793 1780 εοὴολέθος
810 1723 871 1780 τοῖς
888 1725 1025 1788 ποιηταῖς
1042 1724 1135 1799 θρίν-

33 1822 36 1827 -
70 1780 194 1838 walum
209 1783 256 1838 css·
277 1783 378 1838 Videre
394 1785 500 1851 σαλίων,
521 1784 571 1840 ho·
622 1786 679 1846 κῶς
698 1782 794 1852 λέγειν
813 1785 866 1848 τὰς
879 1786 986 1850 innovo
999 1788 1033 1842 ol.
1046 1788 1132 1859 Hipp.

67 1864 122 1905 mm
139 1850 246 1917 oratio,
266 1850 297 1904 iu
319 1849 405 1905 simili
422 1868 507 1907 causa
525 1869 570 1908 cc·
624 1856 690 1904 1223
707 1853 737 1905 et
758 1850 840 1906 Hom.
858 1853 891 1910 ll.
910 1860 955 1922 23,
972 1861 1031 1910 376.

65 1919 174 1989 capsis,
193 1918 352 1973 necessario
370 1919 474 1974 similia
490 1938 570 1974 usur·
656 1917 690 1972 V.
703 1923 728 1972 6.
759 1915 883 1975 ἐκλιιιιλν
898 1922 1056 1977 Φοίνισσαν
1070 1919 1134 1978 ἐνα-

96 1986 254 2041 silvosus
279 2001 313 2040 ac
338 1986 458 2042 fortasse
484 1988 570 2044 etiam
623 1988 689 2040 λίαν
719 1982 827 2056 χθόνα]
864 1992 938 2056 Ηοο,
970 1990 994 2045 si
1023 1992 1135 2046 senteu-

264 2055 295 2109 ct
315 2052 423 2109 Seneca
445 2055 484 2110 ali
505 2073 570 2112 uem
621 2053 691 2107 tiam
721 2055 845 2124 spectas,
876 2057 961 2126 plane
988 2057 1065 2113 idem
1092 2062 1136 2114 est

60 2120 183 2201 colorem
200 2136 269 2176 suae
290 2122 411 2177 crationi
433 2123 470 2178 ab
486 2072 569 2178 Euri·
621 2121 708 2200 νέοιτο
724 2121 816 2201 illud,
843 2123 928 2201 quod¹
941 2123 1016 2181 infra
1032 2128 1063 2190 ζτ.
1083 2132 1135 2182 204

57 2189 132 2259 psdrs
165 2191 359 2259 sumpserunt,
394 2190 445 2246 sed
473 2194 570 2246 tamen
620 2205 650 2242 1n
668 2190 753 2271 simili
771 2206 857 2246 causa
874 2191 990 2245 dicitur:
1017 2196 1134 2249 Φοινίσ-

57 2256 135 2313 nullo
160 2256 249 2312 modo
275 2257 346 2312 haec
374 2257 497 2314 imitatio
528 2259 569 2313 di·
621 2253 743 2319 οαςανιὸ
758 2254 857 2313 νάσου.
887 2260 1045 2314 Φοίνισσαν
1057 2261 1133 2316 euim

56 2324 147 2381 sends
171 2328 230 2392 est,
253 2327 286 2379 ut
307 2325 393 2379 muer
413 2326 570 2381 Pcrscnum
621 2321 742 2380 ἐναλίαν
787 2320 868 2380 θόνα
891 2327 961 2380 dicit
982 2327 1133 2398 Euripides

10 2396 13 2445 ἐ
56 2392 171 2448 mutum
193 2393 379 2470 interpretem
401 2393 431 2447 in
449 2393 568 2449 Valcke·
621 2407 684 2445 cem
701 2391 744 2445 ins
777 2408 833 2461 am,
852 2394 882 2447 iu
917 2393 1133 2464 uaTyrusurbs

55 2460 118 2517 uari
148 2461 323 2517 senunmm
354 2460 383 2518 h.
408 2461 428 2515 l.
457 2476 568 2517 conces·
621 2458 737 2513 condita
754 2463 824 2519 erat,
843 2459 898 2515 Ofr.
929 2461 1005 2532 tepls
1015 2462 1133 2531 Byzant,

55 2526 133 2585 sisse.
146 2558 184 2569 -
200 2527 318 2596 τέμνειν
335 2525 419 2584 ὁδόνε
440 2529 569 2585 similitu
620 2545 642 2581 s.
661 2544 686 2583 v.
709 2527 817 2598 Τιίρος,
836 2546 865 2598 p.
879 2533 943 2595 286,
961 2536 995 2583 24
1007 2546 1068 2597 sqq.
1086 2534 1131 2587 ed.

54 2592 150 2651 muni
165 2595 244 2650 οίαικ
260 2611 360 2652 secare.
620 2593 773 2650 Westerm.

86 2662 122 2722 V.
135 2670 161 2721 1.
175 2669 203 2720 2.
223 2652 260 2717 'a
279 2660 334 2732 τήν
352 2661 385 2720 ἐν
402 2657 517 2734 ἄστροις
535 2695 567 2706 -
654 2661 689 2717 V.
704 2670 718 2717 7
731 2679 773 2731 sq.
792 2657 952 2740 ,Κιίιιριδος
967 2660 1130 2742 Ἁρμονίαν]

54 2726 123 2854 ίιμμμ
144 2728 187 2795 ὣς
203 2732 333 2801 δίφροις]
352 2732 478 2801 Antiqua
491 2733 568 2803 apud
620 2729 662 2784 De
688 2731 854 2799 parentibus
880 2731 1070 2798 Harmomae‚
1096 2733 1132 2786 de

134 2799 141 2811 '
178 2800 239 2854 tam
265 2798 343 2853 lema
365 2815 567 2855 commemora·
619 2796 722 2864 quibus
739 2812 796 2850 non
814 2797 993 2852 consentiunt
1010 2799 1130 2867 scripto·

55 2864 109 2936 ism,
128 2882 192 2922 esse
210 2882 230 2921 a
246 2865 387 2935 Sophocle
404 2867 567 2938 Euripidem
618 2881 676 2931 res,
705 2881 737 2920 co
759 2865 844 2920 iccius
870 2864 1026 2935 disputavit
1054 2866 1132 2921 schc-

55 2935 200 3000 uctntm,
229 2933 306 3002 quod
332 2934 363 2988 hi
389 2935 445 2991 duo
471 2953 569 2991 versus
618 2933 703 2986 liasta
720 2882 758 2986 ai
774 2933 801 2987 h.
821 2933 855 2997 1.,
872 2940 983 2987 τοίοισιν
1000 2935 1129 2989 auctores

74 3001 258 3069 meminisset,
276 3000 312 3056 ab
324 3001 459 3072 Euripide
472 3007 568 3058 autem
619 3000 782 3068 Dercylum,
800 2999 822 3052 Ε
844 2999 944 3054 horum
963 2999 1129 3066 Cumanum,

55 3017 242 3192 Quaem,
297 3070 353 3125 uod
382 3072 411 3124 iu
440 3071 567 3126 Electrae
619 3068 811 3144 Dcmagcram
822 3016 948 3121 §amium
961 3084 1129 3146 memorans,

153 3136 259 3192 verba:
285 3140 313 3191 ll
336 3140 388 3193 τοῦ
412 3155 443 3193 σι
462 3135 568 3209 ατημή-
620 3151 739 3202 quorum
768 3151 875 3203 prsmus
904 3134 1033 3191 Thebans
1060 3136 1132 3192 Dra·

56 3220 161 3266 ταηος
195 3199 229 3259 ἐν
261 3207 354 3276 Τροίᾳ
389 3225 472 3273 ποτε,
506 3206 569 3262 voci
620 3203 710 3257 contis
736 3203 823 3256 filiam
849 3218 912 3257 eam
939 3203 1011 3258 dixit
1034 3204 1131 3276 fuisse,

53 3266 262 3342 Ἀγαμέμνονος
288 3280 347 3328 ιιαῖ
365 3268 422 3331 κτὲ.
448 3291 568 3345 praepo·
620 3271 693 3326 alter
721 3269 864 3338 Electrae,
895 3271 1020 3327 Atlantis
1045 3274 1131 3343 filiae,

55 3338 165 3397 suisset.
194 3339 282 3396 Recte
295 3340 328 3401 G.
341 3341 519 3397 Hermannus
531 3344 569 3397 ad
619 3338 736 3392 ultimus
747 3338 876 3393 Electrae
894 3340 925 3393 et
935 3339 1018 3395 Iovis.
1044 3344 1130 3410 Apol-

55 3404 141 3478 toph.
168 3405 272 3466 Electr.
301 3426 327 3464 v.
353 3409 387 3477 1.,
417 3408 466 3476 qui
491 3411 569 3480 prior
619 3405 733 3460 lodorus
755 3406 805 3462 lib.
823 3407 864 3460 III
883 3423 944 3477 cap.
961 3413 979 3461 4
995 3412 1044 3472 52
1067 3424 1129 3463 eam

55 3473 177 3531 sltemm
199 3478 341 3543 notasset,
369 3493 434 3530 eum
456 3477 568 3532 cavilla·
620 3475 660 3528 ait
672 3473 793 3529 Martem
806 3478 836 3528 et
845 3473 985 3529 Venerem
997 3476 1129 3532 habuisse

54 3543 116 3597 tum
142 3558 206 3598 esse
232 3543 274 3598 ait
302 3543 506 3614 meruisseque,
536 3548 569 3599 ut
619 3544 759 3609 parentes.
786 3541 858 3596 Vide
876 3542 1005 3596 Eustath.
1024 3542 1061 3595 ad
1079 3544 1129 3599 Pe-

25 3675 30 3684 ,
53 3625 107 3679 par
122 3611 192 3679 pari
208 3611 369 3668 referretur.
409 3612 568 3680 Utrumque
619 3610 688 3677 rieg.
702 3615 760 3663 391.
786 3609 883 3663 Munk.
898 3609 972 3663 adH
993 3609 1053 3677 gini
1070 3611 1128 3667 fab.

54 3676 129 3732 euim
148 3679 298 3733 exordium
316 3680 425 3736 omissis
437 3680 494 3735 illis
506 3697 569 3736 ver·
621 3677 670 3731 VI.
696 3676 838 3744 Heynium
852 3676 889 3730 ad
901 3675 964 3745 Apo
986 3676 1067 3731 odori
1078 3678 1095 3732 l
1108 3680 1128 3737 l.

53 3744 132 3801 sibus
157 3746 232 3802 exile
256 3748 286 3803 ct
306 3748 505 3817 imperfectum
525 3749 568 3803 vi-
654 3743 688 3798 V.
702 3751 742 3798 11.
787 3747 834 3808 ιᾶς
850 3761 869 3797 1.
883 3760 906 3801 e.
918 3746 970 3822 τῆς
987 3739 1079 3814 αὐτῆς
1096 3749 1130 3801 ut

54 3810 123 3868 deri.
619 3831 644 3867 v.
660 3819 719 3868 156.
778 3829 824 3865 um
836 3827 937 3881 parum
949 3813 970 3865 11
990 3814 1065 3881 ueat,
1079 3831 1130 3868 cur

84 3880 166 3941 Η.
201 3886 292 3946 θοαῖς
315 3884 459 3954 ἴιιιιοισιν]
488 3885 568 3950 Quod
618 3883 710 3935 matre
728 3881 840 3956 tantum
858 3879 957 3934 eadem
971 3829 1061 3958 {reon
1078 3899 1128 3937 na-

54 3947 123 4004 dicit
144 3950 312 4005 scholiastes
340 3954 433 4008 λείπει
460 3950 476 4021 ἡ
503 3949 565 4019 σίν,
619 3951 665 4002 tus
683 3962 744 4001 esse
762 3948 885 4015 dicatur,
910 3946 1021 4002 Geehus
1039 3948 1129 4019 γεγώς

56 4012 98 4069 ls’
123 4006 137 4033 ’
155 4014 208 4074 οὖν
220 4022 312 4082 θοαῖς
325 4021 448 4099 tuncrus,
465 4021 567 4075 falsum
618 4033 670 4086 pro
684 4013 741 4083 ἐφν
752 4013 876 4091 scripsit,
896 4013 1057 4094 Dindorfius
1069 4034 1128 4073 ver·

54 4086 105 4143 ut
150 4086 297 4141 ammulto
307 4087 567 4157 aliuddicstpoeta,
618 4102 680 4139 sum
702 4082 819 4148 delerit,
848 4082 924 4150 quod
950 4102 980 4138 m
1019 4102 1042 4138 1s
1064 4102 1129 4153 pro·

55 4154 133 4221 quod
151 4153 308 4224 simplicem
322 4155 450 4210 dativum
462 4157 566 4225 posuit,
617 4154 712 4216 betur,
727 4151 988 4207 cumdemumv.47
1021 4154 1128 4211 tecutis

55 4234 110 4287 quc
127 4221 197 4289 vim,
214 4237 272 4289 qus
288 4223 359 4278 illud
374 4224 498 4279 efficeret
510 4225 566 4293 Sol,
617 4222 650 4275 ut
666 4219 761 4275 fratris
779 4220 905 4275 locastae
923 4220 1029 4276 mentio
1046 4221 1110 4281 dat.
