2520 4590
538 214 744 269 nnucunns.
1153 217 1175 282 5

107 370 325 459 inuncto).
369 369 433 437 Sed
456 394 529 437 cum
552 395 591 438 ea
612 372 768 459 iungendi
790 395 863 438 cum
886 372 1042 439 Alcmena
1064 373 1175 439 matri-

108 463 211 551 monii
236 462 292 527 lex
321 461 539 545 convenisset,
570 466 608 526 ut
642 462 782 527 fratrum
820 463 887 527 eius
924 462 1054 527 caedem
1084 462 1175 546 prius

109 550 329 635 ulcisceretn,
360 552 535 633 assumptis
562 552 598 616 in
629 551 818 616 societatem
846 550 1011 616 Thebanis
1039 551 1175 635 aliisque

111 640 255 707 finitimis
277 639 410 725 populis
433 639 583 722 Taphum
606 641 746 704 insulam
770 641 976 725 expugnavit.
1021 639 1175 715 Alcmene

114 734 232 815 autom,
261 750 337 794 cum
366 727 480 794 Iovem
505 728 716 813 reducemque
743 751 819 794 mox
847 729 888 793 ab
915 751 951 794 re
977 729 1059 793 bene
1082 732 1176 815 gesta

114 820 263 885 neritum
284 817 432 882 thalamo
456 819 647 904 accepisset,
675 818 805 903 gemino
827 822 924 901 partu
945 816 1119 883 Herculem
1144 821 1177 882 et

115 906 267 993 Iphiclem
290 905 399 990 edidit,
422 928 559 991 quorum
582 907 637 971 ille
657 907 785 972 divinae
805 907 926 992 stirpis,
948 906 1057 971 infans
1077 907 1176 972 etiam

116 1001 189 1081 tum,
206 996 438 1061 documentum
453 995 541 1060 dedit
554 996 643 1061 elisis
657 995 805 1060 faucibus
824 996 979 1081 anguium
994 996 1035 1060 ab
1049 994 1174 1060 Iunone

61 1090 65 1127 ’-
117 1086 338 1151 immissorum
383 1084 582 1150 Adulescens
609 1082 766 1149 Hercules
793 1084 968 1150 Thebasa
990 1083 1175 1167 Minyarum

61 1198 64 1231 ;
117 1173 399 1240 Orchomeniorum
418 1173 639 1238 dominatione
657 1174 817 1257 liberavit,
834 1174 920 1238 victo
936 1178 976 1251 et
995 1176 1032 1237 ut
1045 1172 1177 1257 quidam

61 1316 65 1361 ,
117 1262 321 1343 tradiderunt,
344 1263 450 1327 occiso
478 1283 554 1347 rege
581 1262 715 1348 Ergino.
761 1260 861 1327 Cuius
889 1262 997 1347 gratia
1028 1262 1176 1327 beneficii

61 1376 71 1407 ι.
118 1350 217 1417 (beon
238 1351 381 1415 filiarum
398 1354 479 1415 natu
497 1350 654 1416 maiorem
671 1351 839 1436 Megaram
857 1350 1000 1435 Herculi,
1018 1351 1177 1414 minorem

116 1440 268 1526 Pyrrham
289 1438 408 1523 Iphicli
431 1443 568 1523 nuptum
590 1438 720 1525 dedit2).

197 1530 244 1595 Et
270 1528 429 1593 hactenus
461 1529 589 1612 quidem
620 1529 701 1593 satis
730 1529 880 1594 convenit
911 1528 996 1591 inter
1026 1528 1176 1612 antiquos

61 1638 65 1651 ·
118 1619 299 1703 scriptores3
321 1618 446 1703 reliqua
468 1618 504 1681 in
521 1638 641 1703 magna
660 1618 860 1683 dissensione
874 1618 1051 1682 versantur.
1089 1613 1178 1690 Quae

61 1732 65 1765 ι
118 1705 282 1792 Euripides
306 1706 353 1771 sic
375 1706 522 1771 tradidit:
545 1706 732 1789 Herculem,
760 1705 908 1791 quamvis
931 1705 1030 1790 regiis
1054 1704 1177 1786 nuptiis

61 1786 66 1857 l
119 1795 307 1880 devinctum,
338 1794 460 1860 Thebis
492 1817 623 1860 manere
654 1796 813 1880 noluisse,
846 1793 902 1858 sed
935 1793 1020 1878 quod
1051 1796 1178 1877 patrem

61 1898 63 1905 '
120 1884 385 1968 Amphitryonem
416 1906 483 1949 non
514 1885 647 1949 crimine
678 1885 784 1970 magis
817 1906 914 1967 quam
945 1881 1068 1946 infelici
1099 1903 1178 1947 casu

119 1977 240 2056 putaret
266 1976 392 2037 vertere
420 1974 526 2037 solum
555 1977 715 2056 coactum,
752 1973 884 2056 petiisse
915 1972 956 2036 ab
983 1970 1179 2056 Eurystheo,

61 2082 63 2095 ·
119 2066 151 2126 ut
176 2062 238 2127 sibi
264 2063 300 2126 in
326 2062 467 2146 patriam
496 2062 599 2127 redire
626 2063 749 2146 liceret,
783 2062 879 2145 idque
913 2061 1108 2144 impetrasse
1141 2082 1179 2124 ea

61 2150 63 2159 '
119 2149 190 2236 lege,
211 2155 250 2215 ut
271 2155 394 2215 terram
415 2151 506 2235 prius
530 2154 680 2234 pacatam
708 2151 863 2215 redderet.
908 2148 987 2214 Inde
1014 2149 1180 2214 nobilissi-

120 2261 182 2305 mos
199 2261 259 2324 per
276 2240 389 2303 orbem
405 2243 565 2304 terrarum
584 2240 712 2305 labores
732 2239 927 2322 exantlasse3
951 2259 1088 2322 quorum
1106 2259 1179 2302 cum

119 2329 226 2394 ultimo
254 2327 388 2394 Cerberi
416 2328 568 2393 educendi
596 2350 693 2393 causa
727 2329 768 2392 ad
798 2328 920 2391 inferos
953 2325 1180 2410 descendisset,

118 2438 220 2482 mmor
251 2417 386 2481 incessit
416 2416 602 2501 Eurystheo
635 2419 765 2482 auctore
793 2417 960 2500 vulgatuS,
992 2414 1178 2479 defunctum

119 2528 189 2571 esse.
234 2505 366 2570 Interea
388 2505 496 2589 Lycus
520 2505 658 2590 quidam,
682 2528 778 2589 quem
800 2504 955 2588 Hyginus
979 2501 1057 2588 (fab.
1080 2504 1122 2568 31
1148 2505 1180 2567 et

116 2593 166 2681 32)
194 2594 341 2677 Neptuni
367 2594 471 2659 filium
498 2598 607 2678 vocat,
635 2594 807 2677 Euripides
836 2615 913 2657 vero
943 2596 1057 2657 natum
1084 2594 1179 2675 patre

116 2685 302 2770 cognomine
326 2683 455 2768 scribit,
483 2705 519 2748 eo
544 2685 599 2768 qui
622 2683 821 2768 aliquamdiu
844 2681 965 2746 Thebis
989 2681 1183 2758 dominatus,

114 2777 185 2857 post
207 2794 274 2836 una
297 2794 369 2836 cum
392 2771 488 2836 Dirce
511 2794 610 2837 uxore
635 2773 675 2837 ab
695 2771 797 2836 Zetho
821 2774 854 2834 et
872 2769 1057 2853 Amphione
1080 2770 1180 2832 inter-

113 2862 212 2928 fectus
242 2863 304 2925 est:
336 2861 365 2925 is
394 2862 496 2945 igitur
522 2862 563 2925 ab
591 2861 727 2925 Euboea
758 2859 923 2942 profectus
956 2857 1180 2941 perturbatam

111 2950 309 3017 factionibus
332 2950 499 3014 civitatem
522 2950 709 3014 Thebarum
739 2948 845 3012 occiso
870 2945 1009 3011 Creonte
1038 2945 1179 3028 filiisque

112 3042 177 3105 eius
202 3039 376 3124 oppressit.
421 3039 511 3103 Idem
534 3037 684 3103 Herculis
711 3037 796 3101 filios
823 3035 1022 3121 impuberes,
1050 3034 1078 3097 si
1105 3033 1180 3099 ado-

111 3129 232 3195 lescere
259 3130 440 3211 patmetur,
474 3128 595 3192 ultores
624 3131 785 3209 metuens,
813 3128 918 3189 totam
948 3124 1016 3188 eius
1045 3123 1179 3207 stirpem

110 3219 316 3302 exstinguere
339 3215 488 3280 decrevit.
535 3215 641 3290 Quare
664 3214 862 3298 Amphitryo
891 3217 924 3276 et
946 3211 1080 3298 Megara
1107 3235 1180 3276 cum

109 3308 213 3371 tribus
237 3305 314 3369 filiis
338 3304 499 3389 supplices
523 3305 557 3368 in
576 3327 632 3368 ara
645 3303 742 3389 Iovis,
766 3305 817 3368 cui
836 3324 1015 3387 cognomen
1033 3303 1181 3385 Σωτῆρι,

110 3395 336 3462 consederunt.
390 3392 467 3458 Mox
509 3415 581 3458 cum
618 3392 742 3457 frustra
779 3392 912 3456 deorum
948 3391 1180 3472 hominumque

110 3506 205 3568 opem
229 3482 399 3565 implorari
425 3481 571 3566 nihilque
599 3482 679 3546 satis
702 3485 809 3545 tutum
841 3503 860 3544 a
888 3481 1020 3563 tyranni
1043 3477 1179 3543 saevitia

110 3594 180 3638 esse
203 3571 446 3656 intellegerent,
473 3571 507 3634 id
531 3571 594 3635 sibi
618 3569 764 3634 beneficii
788 3570 859 3634 loco
883 3568 984 3632 tribui
1006 3568 1180 3651 petierunt,

109 3666 146 3726 ut
159 3663 288 3746 priores
297 3660 362 3743 ipsi
376 3662 474 3744 quani
484 3660 577 3743 pueri
590 3663 733 3723 extremo
749 3658 1001 3742 defungerentur
1012 3654 1180 3738 supplicio,

108 3750 367 3835 pandereturque
404 3748 532 3831 domus,
568 3748 651 3812 unde
676 3748 845 3812 sollemnia
877 3746 982 3810 cultus
1014 3742 1180 3807 morituris

111 3841 290 3922 sumerent,
311 3858 379 3902 non
402 3837 610 3902 erubescente
638 3837 725 3922 Lyco
754 3836 950 3920 permittere.
995 3832 1085 3897 Heac
1115 3831 1180 3895 illis

186 4066 206 4134 ¹)
225 4065 342 4120 Pausan.
362 4064 402 4118 IX
421 4071 453 4118 11
475 4072 499 4119 1.
538 4063 629 4145 Schol.
649 4063 731 4145 Hom.
749 4062 781 4115 Il.
800 4081 815 4115 τ
834 4066 877 4115 99.

122 4152 126 4163 ·
184 4136 205 4205 ²)
226 4139 249 4190 A
272 4136 497 4191 ollod.II411.
533 4135 615 4190 Diod.
641 4134 693 4188 Sic.
713 4133 752 4187 IV
771 4139 787 4187 9
807 4135 836 4186 et
856 4138 896 4187 10.
935 4130 1027 4207 Schol.
1046 4129 1128 4184 Hom.
1146 4129 1179 4184 Π.

114 4209 128 4273 ξ
146 4214 205 4263 323.
244 4207 255 4278 [
286 4206 399 4277 oschus]
417 4207 458 4261 Id.
476 4207 516 4261 IV
533 4211 576 4260 52.
