2520 4590
482 875 803 960 PROOEMIUM.

196 1199 353 1265 Furorem
376 1199 526 1264 Herculis
550 1221 693 1284 quaeque
720 1222 778 1283 per
802 1200 997 1265 dementiam
1021 1224 1118 1267 saeva
1141 1204 1177 1269 in

69 1330 71 1363 ;
119 1311 189 1355 suos
211 1289 311 1354 edidit
332 1287 480 1353 facinora
507 1292 740 1353 enarraverunt
764 1288 981 1372 Apollodorus
1009 1289 1093 1356 Bibl.
1120 1292 1177 1356 lib.

69 1382 75 1465 t,
117 1376 190 1442 114
217 1379 272 1458 12,
298 1376 453 1442 Moschus
485 1377 537 1441 vel
561 1378 670 1460 potius
697 1378 840 1441 incertus
867 1382 980 1443 auctor
1006 1379 1099 1463 Idyll.
1126 1378 1179 1450 IV,

69 1470 72 1543 1
121 1466 156 1531 13
177 1489 257 1552 sqq,
288 1465 452 1531 Diodorus
482 1463 608 1530 Siculus
636 1466 691 1530 lib.
720 1465 768 1530 IV
797 1489 821 1531 c.
852 1468 903 1551 11,
930 1465 1085 1532 Nicolaus
1109 1467 1175 1532 Da·

120 1577 278 1620 mascenus
295 1556 331 1619 in
343 1553 550 1639 Fragmentis
564 1576 595 1637 p.
614 1555 677 1619 261
694 1554 741 1618 11.
755 1553 898 1620 Tauchn.
916 1556 978 1620 vol.
997 1554 1046 1620 ΠΙ
1059 1578 1091 1640 p.
1110 1556 1174 1621 369

120 1643 160 1707 ed.
180 1643 281 1729 Mun,
304 1643 456 1729 Hyginus
479 1642 544 1708 fab.
566 1641 711 1727 XXXII,
734 1642 775 1707 Is.
799 1642 929 1708 Tzetzes
956 1644 996 1709 ad
1014 1643 1175 1730 Lycophr.

123 1730 172 1815 38,
200 1732 244 1798 Io.
281 1732 414 1797 Taetzes
451 1729 535 1797 Chil.
566 1731 599 1796 Π
635 1733 713 1811 226,
745 1732 924 1797 scholiasta
956 1733 1092 1798 Homeri
1133 1735 1174 1799 11

127 1817 357 1903 odyssrros
382 1826 415 1884 11
443 1821 643 1885 adeundam
670 1821 777 1886 locum
808 1821 1001 1887 Eustathius
1032 1822 1068 1887 T.
1095 1822 1113 1887 Ι
1144 1846 1176 1908 p.

125 1908 214 1974 4132
232 1910 280 1974 ed.
298 1909 386 1994 Lips.
418 1906 481 1973 Sed
494 1909 528 1973 hi
544 1909 673 1993 quidem
693 1932 813 1995 omnes,
832 1914 868 1975 ut
886 1912 921 1975 in
939 1915 1031 1976 tanta
1044 1911 1175 1978 fabulae

128 1997 320 2083 antiquitate,
348 1999 428 2062 satis
455 2004 613 2082 recentes,
641 1997 771 2082 quidam
798 2001 1026 2065 recentissimi:
1058 2001 1175 2086 quibus

129 2088 239 2150 tantum
260 2087 337 2152 fidei
360 2086 524 2170 adhibeaS,
546 2088 740 2170 praesertim
769 2088 797 2152 si
825 2089 902 2172 quid
928 2090 980 2154 vel
1004 2090 1068 2174 ipsi
1090 2090 1177 2155 inter

127 2193 153 2236 se
171 2176 217 2240 vel
235 2176 276 2241 ab
297 2175 534 2259 antiquioribus
554 2175 744 2258 discrepent,
763 2181 919 2260 quantum
938 2179 1022 2243 scias
1043 2180 1175 2244 abonis

127 2265 294 2329 auctoribus
331 2268 507 2348 acceptum.
569 2263 678 2348 Atque
714 2265 947 2351 Apollodorus,
989 2269 1054 2331 nisi
1090 2268 1176 2332 fallit

127 2353 305 2437 coniectura,
332 2351 551 2436 Pherecydem
573 2354 780 2436 potissimum
810 2360 937 2419 secutus
961 2361 1024 2438 est,
1054 2357 1109 2440 qui
1137 2357 1175 2420 de

126 2458 154 2502 ea
175 2464 207 2506 re
234 2443 360 2506 dixerat
386 2442 471 2506 libro
499 2441 653 2507 secundo:
682 2442 715 2505 id
744 2443 830 2527 quod
857 2445 1044 2509 testimonio
1074 2444 1174 2510 schol.

126 2524 201 2594 Pind.
224 2531 266 2594 ad
288 2530 402 2595 Isthm.
420 2529 468 2594 IV
489 2531 553 2594 104
572 2530 742 2615 constat¹).
777 2533 870 2597 Alios
890 2555 1016 2617 quoque
1034 2534 1175 2617 permul-

123 2617 163 2682 tos
180 2619 266 2683 idern
284 2618 462 2684 scholiasta
475 2620 657 2683 nominavit
671 2622 854 2705 scriptores,
873 2644 1009 2705 quorum
1022 2643 1175 2706 magnam

122 2706 251 2772 ridemus
280 2709 471 2771 varietatem
498 2708 598 2772 fuisse
629 2710 664 2772 in
692 2710 848 2774 tradendo
877 2732 1012 2774 numero
1038 2711 1174 2776 nomini-

120 2792 229 2879 busque
253 2796 395 2861 filiorum
418 2795 577 2880 Herculis,
599 2819 658 2862 nec
682 2798 852 2882 minorem,
875 2803 966 2881 puto,
994 2799 1029 2861 in
1059 2800 1173 2862 ceteris

69 2908 72 2930 =
116 2885 201 2949 rebus
225 2885 461 2949 dissensionem
485 2906 766 2970 cognosceremus,
795 2888 823 2950 si
847 2908 958 2950 eorum
985 2887 1061 2950 libri
1088 2891 1173 2951 aeta—

115 2975 172 3038 tem
195 2975 357 3038 tulissent.
404 2971 585 3038 Scholiasta
603 2975 747 3054 Homeri,
770 2996 907 3058 quocum
926 2973 993 3039 fere
1012 2977 1175 3040 consentit
1239 3010 1246 3023 -·

113 3058 315 3146 llustathius,
356 3066 487 3126 auctore
523 3063 627 3127 utitur
662 3063 866 3146 Asclepiade,
907 3063 1101 3150 Tragilensi,
1136 3071 1175 3130 nt

113 3153 231 3234 opinor.
277 3150 395 3215 Poetas
418 3173 494 3216 vero
518 3152 775 3236 antiquissimos,
805 3150 1025 3218 Stesichorum
1053 3158 1086 3218 et
1113 3153 1171 3220 Pa-

111 3242 237 3324 nyasin,
275 3240 392 3323 quibus
424 3239 476 3303 vel
511 3241 719 3324 praecipuum
752 3243 787 3305 in
819 3242 953 3306 dicendo
986 3245 1174 3308 testimonio

113 3328 218 3393 locum
240 3329 343 3393 tribui
363 3329 542 3413 oportebat,
565 3331 831 3394 commemoravit
848 3331 976 3415 quidem
994 3330 1173 3396 Pausanias

109 3416 159 3482 lib.
191 3416 240 3482 IX
272 3440 297 3481 c.
333 3418 389 3501 11,
417 3417 471 3481 sed
502 3418 549 3481 ita
579 3421 857 3498 commemoravit,
890 3421 998 3484 minus
1028 3425 1064 3484 ut
1097 3420 1172 3504 quid

108 3506 299 3571 tradiderint
329 3528 425 3589 quam
458 3506 534 3589 quid
571 3529 637 3571 non
673 3507 866 3572 tradiderint
902 3512 1066 3591 appareat.
1120 3505 1173 3571 Sic

111 3597 194 3659 enirn
218 3595 366 3678 scripsit:
390 3591 638 3659 ἐπιδεικνύουσι
663 3592 950 3682 11(οἱΘηβιιῐοι)
974 3591 1174 3680 Ἡρακλέους

107 3685 172 3748 τῶν
195 3684 328 3748 παίδων
354 3684 422 3747 τῶν
450 3682 486 3746 ἐκ
512 3680 673 3768 Μεγάρας
700 3686 829 3769 μνῆμα,
863 3685 965 3749 οὐδέν
991 3708 1023 3748 τι
1050 3679 1173 3767 ὁμοίως

107 3768 144 3835 τὰ
174 3770 207 3848 ἐς
235 3769 296 3836 τὸν
326 3768 478 3836 θάνατον
505 3771 659 3854 λέγοντες
686 3768 705 3858 ἢ
734 3777 941 3858 Στησίχορος
968 3767 986 3836 ὁ
1010 3767 1173 3856 Ἱμεραῖος

108 3857 358 3936 insuavitatis
381 3859 510 3937 ἐντοῖς
539 3863 650 3927 ἔπεσιν
679 3864 847 3946 ἐποίησαν.
892 3861 937 3925 Η1
965 3862 1066 3946 igitur
1096 3861 1173 3946 quid

109 3951 283 4015 memoriae
306 3949 520 4036 prodiderint,
546 3974 587 4015 ne
611 3954 767 4036 suspicari
790 3951 920 4033 quidem
943 3951 1030 4015 licet:
1054 3951 1117 4014 nisi
1142 3953 1171 4015 si

149 4182 152 4187 ,
180 4127 200 4195 ¹)
221 4125 299 4181 Conf.
318 4124 456 4179 Matthiae
475 4126 504 4178 in
522 4125 618 4180 Wolfii
637 4125 716 4179 Anat.
735 4125 790 4178 litt.
811 4120 836 4177 11
855 4145 881 4195 p.
901 4133 962 4181 325.

931 4219 969 4274 qs.
