2558 4590
215 257 257 316 te
580 246 872 313 EURIPIDIS

217 424 258 492 τά
287 428 347 510 μὲν
374 424 411 491 δι’
434 423 561 509 Ἥραν,
589 424 629 490 τὰ
660 430 694 491 δὲ
721 422 757 491 τὸ
783 425 909 500 κάλλος
934 424 1054 488 αἴτιον»

217 525 280 594 εἶθ’
311 525 530 617 λξαλειφθεῖά
562 525 606 603 ὡς
631 524 748 610 ἄγαλμ’
779 515 887 600 αὖθις
912 524 1012 590 πάλιν

218 627 348 714 αἴσχιον
375 627 461 705 εἶδος
484 626 563 694 ἀντὶ
590 630 649 694 τοῦ
676 630 783 694 καλοῦ
809 625 939 711 λάβοιν,

217 734 271 796 καλ
300 726 361 807 τάς
385 728 487 816 τύχας
511 734 573 814 μὲν
599 728 660 807 τὰς
685 726 801 805 καινάς,
826 724 868 805 ἃς
893 729 955 792 νῦν
980 730 1050 812 ἔχιν,

209 830 364 912 ’Έλληνες
390 827 612 911 ἐπελάθοντο,
638 829 699 907 τάς
726 833 761 896 δὲ
786 827 831 914 μὴ
858 825 964 906 κακὰς
1169 835 1221 900 ⁶265

217 936 349 1014 ἔσωζον,
374 929 479 1017 ὥςπερ
508 929 569 1009 τάς
595 927 701 1009 κακὰς
726 928 867 1012 σώζουσί
893 954 970 1016 μου.

217 1031 306 1113 ὅςτις
331 1037 392 1118 μὲν
418 1023 480 1100 οὖν
506 1040 552 1110 εὶς
577 1039 660 1118 μίαν
684 1031 885 1118 ἀποβλέπων
910 1029 1012 1116 τύχην

219 1135 302 1222 πρὸς
328 1139 421 1202 θεῶν
448 1137 621 1213 κακοῦται,
646 1130 734 1220 βαρὺ
760 1141 828 1218 μέν,
855 1139 984 1200 οἰστέον
1011 1130 1042 1198 d'
1073 1128 1178 1215 ὅμως·

247 1460 252 1467 Ι
292 1387 320 1435 V.
341 1385 403 1440 263.
437 1366 582 1446 λάβοινίὶ.
600 1382 820 1432 Hermannns.
840 1380 928 1443 λαβεῖν
947 1384 997 1445 (γρ.
1021 1377 1102 1444 λάβω)
1121 1378 1188 1430 Ood.
1201 1374 1223 1430 C.

221 1609 387 1660 suetudinem
410 1608 494 1657 tristis
518 1607 700 1655 necessitatem
753 1605 886 1656 XXVIII.
910 1608 964 1657 vid.
991 1606 1100 1654 Herm.
1120 1601 1155 1651 ad
1176 1600 1229 1665 vig.
1259 1602 1262 1609 '

220 1681 343 1730 traxisse.
378 1675 434 1726 Nos
453 1676 559 1740 quidem
578 1690 702 1739 nonpar·
752 1692 778 1739 p.
810 1677 870 1730 727.
898 1674 1052 1726 PFLUGK.
1090 1671 1173 1721 Recte
1201 1668 1234 1720 (1.

220 1746 302 1800 ticulit
319 1748 417 1804 denn,
435 1747 480 1797 sed
506 1741 638 1809 particuli
658 1746 702 1808 ja,
754 1746 963 1796 Hermannus
983 1746 1022 1795 ita
1040 1741 1186 1808 disputavit
1202 1738 1233 1789 de

220 1833 288 1883 quue
306 1816 418 1866 similem
435 1815 516 1866 habet
529 1814 702 1878 significatio·
752 1815 894 1876 hocloco,
912 1823 942 1865 ut
959 1814 1120 1864 infinitivum
1139 1808 1240 1875 λαβεῖν,,

220 1904 289 1950 nem,
312 1886 363 1936 hoo
388 1886 458 1934 idem
476 1885 623 1948 exprimere
641 1899 703 1948 pot·
752 1899 801 1948 pro
831 1901 884 1950 quo
917 1886 969 1934 iam
1000 1885 1028 1933 in
1056 1884 1115 1946 ipso
1144 1879 1235 1931 codiee

221 1971 319 2014 sumus,
330 1964 360 2004 ut
376 1955 428 2004 hoc
447 1954 623 2018 quidemloco
637 1953 702 2002 mihi
752 1948 825 2016 λάβω
851 1955 1025 2018 proponitur,
1044 1952 1110 2002 setis
1135 1948 1234 2001 firmus

220 2027 335 2092 repetita
352 2025 482 2089 particula
507 2020 557 2088 γάρ
578 2023 644 2072 nihil
663 2023 703 2072 of·
752 2034 864 2087 negaret
889 2023 944 2073 illis
971 2021 1107 2088 exemplis,
1134 2032 1204 2085 quae
1219 2032 1236 2075 a
1253 2028 1267 2087 Ι·

220 2095 350 2148 fensionis
369 2095 466 2144 habere
484 2094 614 2142 videatur.
626 2091 658 2143 R.
667 2090 703 2140 Κ.
752 2094 838 2158 poetis
862 2093 1057 2158 posterioribus
1080 2090 1165 2155 petite
1188 2086 1257 2140 edu

256 2165 287 2216 V.
306 2165 367 2218 261.
404 2160 438 2212 τά
463 2160 520 2224 μὲν
546 2190 578 2197 -
605 2156 641 2210 τά
668 2158 703 2209 δὲ
752 2164 857 2212 tulisset
883 2162 1072 2227 Pilugkius.
1114 2160 1178 2222 Ipse
1203 2158 1261 2207 0¹⁵

221 2238 284 2286 “est
326 2234 465 2299 partim,
504 2232 624 2297 purtim
667 2230 702 2296 [v.
754 2232 842 2295 λαβεῖν
860 2233 928 2282 effici
947 2234 1032 2281 voluit
1042 2225 1144 2293 λάβοιν,
1157 2242 1236 2292 quam
1264 2258 1272 2285 -,

220 2306 322 2357 Herm.
341 2304 376 2354 ad
395 2303 453 2366 Vig.
471 2316 498 2365 p.
513 2301 599 2365 7017.
618 2300 703 2350 Inter·
753 2303 864 2366 optativi
884 2303 995 2352 formam
1009 2301 1080 2367 [vide
1093 2294 1236 2349 RostGr.
1263 2288 1275 2363 Ξ

220 2376 348 2441 proteris:
368 2369 460 2434 τὰμὲν
479 2365 607 2436 δι’Ἧοιιν,
627 2365 656 2418 τά
676 2367 704 2418 δὲ
753 2370 835 2436 (inp.
853 2372 913 2425 170.
923 2373 963 2424 ad.
976 2370 1056 2435 sept]
1075 2366 1237 2432 EurIpidI

221 2440 264 2494 διὰ
280 2440 309 2492 τά
321 2437 657 2492 κάλλοε.”8ο1]οελοειεε
675 2441 703 2488 in
752 2443 901 2492 vindicaret
924 2442 1025 2505 Etym.
1044 2439 1151 2503 Magn.
1169 2452 1191 2490 s.
1209 2450 1236 2487 τ.

221 2515 314 2564 Indice
341 2514 375 2561 ad
398 2512 538 2563 Phoeniss.
563 2511 605 2562 ed.
626 2509 702 2559 Pors.
753 2510 875 2575 ερὲφοινε
899 2509 992 2575 ἄφρων
1015 2505 1047 2560 ἄν
1064 2510 1121 2572 εἴην
1139 2506 1167 2557 ελ
1181 2504 1237 2568 τού·

220 2599 246 2647 p·
264 2582 325 2636 131.
344 2579 500 2632 PFLUGK.
754 2597 817 2643 φοιν
843 2577 872 2629 τά
900 2581 951 2631 suiv
981 2578 1069 2634 πάλας,
1096 2577 1236 2628 Cratino

257 2652 286 2706 V.
306 2652 367 2705 262.
403 2640 625 2712 άξαλειφθεῖο’
663 2640 704 2696 oie
753 2658 841 2700 autem
864 2651 1037 2703 Porsonus
1060 2649 1088 2696 in
1115 2644 1258 2696 Dobraei·

221 2715 356 2787 ἄγαλμ’]
385 2720 510 2777 delete,
530 2723 568 2766 ut
595 2717 703 2780 pictu·
752 2721 883 2771 addendis
909 2721 944 2772 ad
972 2718 1112 2781 Aristoph.
1143 2714 1261 2781 licuit·i

221 2807 269 2854 ra,
294 2792 438 2855 interprete
461 2787 494 2842 G.
513 2787 703 2837 Hermanno
754 2791 818 2840 sian.
852 2790 911 2844 607,
942 2789 974 2839 G,
1009 2789 1261 2838 normannum

221 2863 306 2912 Elem.
334 2861 369 2914 D.
398 2860 436 2909 Μ.
463 2876 487 2923 p.
514 2856 581 2919 535,
608 2870 624 2905 e
651 2871 703 2921 quo
753 2874 840 2923 nuper
869 2866 995 2925 sequutus
1025 2864 1066 2908 est
1092 2857 1127 2905 A.
1156 2853 1238 2905 Nen-

221 2947 276 2982 nou
293 2939 351 2982 erut
368 2944 449 2980 causa
472 2930 572 2978 idonea
589 2941 635 2975 cur
651 2927 705 2975 dIs·
755 2928 857 2979 ciriu's.
876 2929 979 2980 Contra
996 2935 1022 2978 et
1039 2929 1096 2991 ips'e
1115 2923 1147 2978 G.
1158 2925 1238 2975 Her·

220 3002 327 3051 cederet
349 3004 379 3050 Α.
396 2999 570 3049 Matthiae.
595 2993 705 3059 Ἀγαλμα
755 3013 890 3049 mannus
915 3000 979 3048 olim
1003 2999 1037 3048 ed
1056 2995 1239 3060 Sophoclis

222 3085 303 3134 quum
322 3071 355 3118 de
374 3069 468 3132 quavis
493 3083 522 3117 re
540 3067 645 3116 dicetur
663 3058 704 3125 ἐφ’
755 3067 870 3119 Philoct.
890 3068 968 3121 1081.
986 3066 1054 3117 et-R.
1067 3064 1239 3117 Porsonut

222 3157 239 3202 ῃ
267 3152 305 3188 ut·
329 3132 461 3202 ἀγάλλεται
486 3136 524 3202 (v.
549 3137 583 3186 ad
603 3135 705 3184 Hecub.
756 3137 823 3189 Adv.
849 3154 874 3202 p.
901 3139 960 3192 269.
978 3153 1026 3201 pro
1045 3134 1133 3197 λαβεῖν
1158 3132 1240 3184 scribi

221 3207 309 3272 460.),
330 3211 418 3272 potuit
440 3214 509 3256 certo
538 3205 648 3269 perinde
672 3206 704 3254 de
754 3208 898 3257 voluerunt
920 3205 1025 3271 Ιλάβον,
1058 3212 1089 3253 ut
1121 3205 1239 3255 norietur

222 3278 317 3329 statuis
340 3293 371 3328 ac
394 3278 427 3326 de
450 3277 560 3340 picturis
579 3275 644 3333 dici,
661 3275 704 3323 id·
754 3276 847 3327 eodem
864 3279 943 3327 modo
962 3279 1121 3336 decurreret,
1138 3288 1194 3338 quo
1210 3273 1239 3323 itt
1274 3278 1277 3317 i

223 3363 274 3412 que
296 3347 394 3397 fectum
412 3352 439 3395 et
454 3347 575 3394 Suidas
593 3351 706 3395 testatur
755 3349 926 3411 sequentibus
949 3343 1110 3397 ἐπελάθοντο
1128 3353 1156 3392 et
1174 3342 1239 3393 ἕνα·

222 3424 249 3467 et
275 3417 463 3480 grammaticus
489 3415 574 3464 Bekis.
604 3414 706 3465 Aneod.
756 3417 809 3479 ζον.
829 3417 889 3466 Ηοο
906 3432 991 3482 nuper
1008 3412 1238 3479 recepitKirch·

222 3488 246 3538 1.
264 3502 289 3552 p.
305 3485 348 3544 82,
366 3487 391 3539 9.
410 3481 523 3551 [ἄγαλμα
540 3483 581 3533 καλ
601 3480 708 3549 γραφὴν
755 3486 901 3545 hosiius,
917 3502 967 3551 ego
979 3483 1071 3550 λάβοιν
1090 3484 1188 3548 recepi,
1209 3486 1239 3531 ιλ
1272 3508 1277 3519 ·

222 3555 264 3607 καλ
293 3550 432 3621 άνλλριαντα
462 3548 623 3618 ἀδιαφόρων.
652 3548 705 3603 Ἀν-
756 3556 806 3605 hoc
837 3556 942 3618 Helena
967 3558 994 3605 in
1024 3560 1112 3604 mente
1139 3552 1239 3602 habers

222 3621 332 3691 τιφάνης
351 3622 514 3692 Ζωγράφῳ]
532 3623 706 3686 3211334,
755 3626 893 3689 videatur,
919 3627 990 3692 quod
1008 3625 1178 3674 Hermannus
1200 3621 1239 3689 sio
1264 3632 1278 3665 ·.

222 3695 266 3751 18.
289 3724 323 3735 -
346 3693 433 3746 Εἴθε
456 3695 571 3758 λαβεῖν
588 3709 649 3744 rera
666 3701 707 3745 est
755 3697 894 3759 exposuit:
923 3695 1037 3747 Facile
1062 3707 1094 3744 se
1121 3704 1237 3757 passu*

223 3768 385 3817 constructio
407 3781 457 3830 pro
485 3759 536 3815 εἴθ’
559 3759 705 3827 ἐλάμβανον
755 3767 952 3824 ram,sisibi
970 3763 1140 3828 eripiatur
1157 3761 1238 3810 haee

222 3830 705 3899 τελεῖθ’ὤφελονλαβεῑνλοῆῐιίῑίναω
755 3835 882 3899 forma,
911 3838 939 3887 si
958 3835 1053 3887 modo
1073 3828 1238 3882 oblivisci

223 3902 705 3957 tamencumeisieconiunxitPeeu·
754 3905 860 3955 malae
883 3922 961 3957 suae
983 3906 1106 3964 famae,
1128 3901 1236 3952 menri·
1265 3932 1278 3963 ,Ξ

224 3976 472 4040 dophocylides
502 3991 528 4023 v.
557 3971 602 4025 40.
634 3973 705 4036 (lan
754 3975 848 4025 nisse
889 3983 997 4025 autern
1032 3971 1121 4021 fidei
1157 3982 1238 4035 erga
1269 3972 1278 4011 -”

224 4046 302 4095 datus
320 4045 354 4095 ab
372 4045 459 4108 Etym.
479 4043 518 4093 M.
537 4058 562 4108 p.
576 4040 637 4103 321,
650 4040 705 4103 45.)
754 4045 907 4095 maritum
933 4042 1055 4095 Graeci
1088 4045 1236 4105 possent
1264 4040 1278 4087 ι’

224 4115 408 4177 Antipater
447 4113 569 4163 Thess.
610 4111 705 4178 Epigr.
754 4111 809 4162 Sed
827 4113 937 4165 difficile
961 4121 1049 4164 tamen
1068 4104 1236 4161 estadsevess

225 4180 340 4235 XXXV.
373 4181 629 4246 crinorum
654 4183 705 4247 Ep.
754 4197 814 4234 rare
832 4183 860 4233 in
878 4185 957 4235 unius
980 4180 1080 4234 codicis
1096 4176 1176 4244 piane
1195 4178 1236 4228 irr-
