2520 4590
409 289 713 357 PROOEMIUM.
1038 299 1074 358 15

49 466 94 551 qui
116 462 351 550 Amphipolin
375 460 540 547 praesidio
555 461 701 543 tenebat,
724 483 790 525 non
811 460 1074 546 obtemperante:

49 560 218 634 r'yr'yroaro
255 554 309 613 ἀεὶ
340 553 458 631 loyor,
487 556 524 611 ut
551 547 661 611 verbis
697 545 961 633 Thucydidis
998 558 1074 613 utar

47 638 91 701 lib.
111 635 158 701 V.
177 658 207 700 c.
226 636 298 717 39,
326 647 398 711 τοῖς
426 657 461 699 τε
482 633 679 711 Ἀθηναίοις
706 638 759 697 καὶ
791 637 1075 718 Λακεδαιμονίοις

48 728 111 805 περὶ
131 714 185 786 ὧν
211 721 310 807 εἶχον
331 715 495 799 ἀλλήλων,
516 715 621 783 donec
650 718 835 785 Alcibiadis
857 716 933 785 dolo
955 719 1073 785 loedns

50 806 224 873 disiectum
257 815 320 871 est.
381 803 563 891 Thucyd.
593 804 644 889 V,
675 807 718 870 13
746 828 818 890 sqq.
857 804 1073 873 Plutarch.

49 894 117 959 Nic.
143 894 200 958 10.
226 892 343 959 Alcib.
372 893 422 956 14.
466 891 529 957 Η11
558 890 660 977 igitur
681 891 883 977 temporibus
907 913 990 976 quae
1012 916 1074 979 pu·

50 979 125 1045 blice
154 986 311 1045 tractata
337 986 416 1042 sunt
444 977 484 1042 ab
516 977 687 1062 utriusque
710 977 894 1043 oratoribus
918 977 1075 1058 civitatis,

55 1088 155 1131 eorum
181 1065 215 1129 si
236 1064 276 1129 in
297 1085 420 1129 scaena
441 1063 629 1129 memoriam
656 1063 795 1129 recoluit
816 1062 1011 1150 Euripides,
1043 1076 1075 1127 11

57 1150 287 1217 adsensionem
316 1171 474 1214 summam
524 1148 705 1233 ratiamque
726 1149 840 1237 populi
862 1152 993 1234 sperare
1039 1172 1074 1215 o·

57 1238 105 1303 tuit
127 1246 167 1302 et
192 1236 281 1301 fecit
302 1233 402 1317 idern,
428 1174 523 1320 quod
540 1258 614 1299 eum
636 1258 734 1321 saepe
755 1245 789 1299 11
801 1257 920 1322 magno
943 1236 1000 1320 qui
1024 1258 1075 1301 em

59 1345 116 1389 eum
155 1344 326 1389 11111111
353 1319 471 1387 fecisse
508 1330 649 1387 constat.
706 1318 775 1389 Sed
802 1320 883 1387 haec
914 1344 995 1407 ego,
1033 1344 1075 1386 ne

60 1408 118 1493 quis
140 1417 251 1491 erret,
275 1406 459 1493 probabilia
481 1407 524 1473 ad
545 1408 766 1472 coniecturam
790 1428 873 1491 esse,
894 1430 962 1471 non
984 1417 1077 1471 certo

59 1492 280 1579 conclusionis
309 1515 429 1580 genere
459 1492 569 1580 colligi
599 1492 677 1556 dixi.
733 1492 846 1559 Unum
881 1490 1075 1575 addiderim,

64 1604 108 1664 quo
138 1580 266 1646 nescio
293 1601 336 1643 an
367 1576 489 1663 aliquid
526 1579 625 1643 etiarn
662 1576 799 1643 accedat
835 1577 1077 1663 probabilitatis

61 1665 270 1733 1111111111
292 1674 441 1730 nostrae:
462 1664 597 1747 loeduS,
629 1662 718 1749 quod
740 1663 803 1728 hoc
825 1663 896 1751 ipso
917 1673 1076 1751 tempore,

58 1760 184 1818 auctore
227 1748 425 1831 Alcibiade,
470 1752 557 1815 inter
600 1749 821 1815 Athenienses
859 1758 893 1814 et
933 1750 1078 1838 Argivos

59 1839 148 1903 iatum
180 1847 259 1920 est,
288 1835 323 1900 in
354 1835 566 1936 Supplicibus
602 1835 752 1923 attigisse
781 1835 990 1921 Euripidem:
1013 1859 1078 1922 qua

58 1922 91 1988 de
111 1947 147 1988 re
172 1922 396 1989 consentiunt
424 1932 510 1987 mter
539 1945 574 1987 se
598 1922 659 1986 viri
684 1922 829 2007 primarii
851 1927 893 1988 A.
916 1922 1078 1989 Boeck·

57 2009 145 2075 hius
174 2010 214 2073 in
245 2007 332 2072 libro
362 2005 402 2071 de
431 2008 529 2096 Trag.
569 2006 627 2073 Gr.
657 2033 688 2094 p.
722 2010 793 2071 187.
829 2016 861 2072 11
897 2006 939 2073 G.
970 2008 1077 2073 Her·

61 2116 233 2161 mannus
265 2094 301 2158 in
329 2093 530 2180 praefatione
565 2093 607 2158 ad
637 2116 707 2159 eam
736 2093 889 2159 fabulam.
948 2092 1078 2176 Quodsi

60 2179 108 2244 his
133 2180 207 2245 iure
241 2178 351 2244 visum
382 2189 433 2244 est
459 2203 499 2245 ex
528 2203 568 2244 ea
587 2202 623 2244 re
645 2180 865 2245 coniecturam
888 2178 959 2244 ficri
981 2203 1078 2279 posse

60 2265 94 2330 de
116 2276 275 2352 tempore
298 2264 459 2331 editarum
483 2264 692 2352 Supplicum:
722 2264 808 2330 idern
837 2266 946 2330 lacere
966 2265 1081 2333 licebit

61 2353 85 2415 in
111 2352 262 2418 Helena.
322 2350 521 2436 Quanquam
546 2375 666 2416 annum
696 2350 831 2416 definire
861 2374 928 2416 non
955 2352 1079 2419 audeo:

61 2446 182 2503 tantrrm
219 2445 376 2503 constare
434 2447 490 2502 nto
530 2447 636 2502 actam
684 2460 754 2501 esse
798 2436 960 2502 Helenam
1002 2450 1080 2525 post

60 2521 191 2611 Olymp.
213 2462 431 2606 LXXXIXp
449 2527 479 2588 4.
504 2532 633 2587 etanta
657 2521 711 2587 Ol.
728 2520 829 2589 XCll.
851 2523 880 2604 I,
904 2546 970 2674 quo
995 2548 1081 2591 anno

59 2608 424 2694 Thesmophoriazusas
451 2608 555 2673 edidit
576 2608 834 2695 Aristophanes,
862 2610 915 2675 He
929 2632 1022 2676 enam
1045 2621 1083 2677 ut

56 2718 161 2779 nuper
184 2705 297 2760 actam
319 2696 556 2780 perstringens
601 2693 688 2759 Vide
711 2695 859 2760 lacobi
882 2697 1081 2766 Palmarii

56 2780 327 2846 Exercitationes
359 2782 394 2845 in
417 2782 580 2846 Auctores
603 2778 752 2846 Graecos
774 2804 806 2865 p.
832 2784 893 2846 758
915 2805 987 2867 sqq.
1011 2786 1082 2852 sive

58 2865 247 2932 Comment.
270 2867 385 2931 Aristo
410 2867 442 2932 h.
465 2866 529 2932 v'ol.
552 2865 613 2930 Vl.
638 2864 689 2931 ed.
705 2867 796 2951 Lips.
821 2893 852 2954 p.
871 2869 943 2932 294.
966 2868 1082 2935 Clin-

61 2953 175 3017 tonis
200 2952 297 3018 Fast.
319 2891 408 3017 Heli
431 2979 463 3039 p.
486 2955 536 3017 83.
560 2951 610 3015 ed.
633 2951 792 3038 Krneger.
838 2952 1048 3021 PFLUGK.

136 3037 257 3104 Multo
288 3039 412 3104 rectius
442 3038 483 3102 de
511 3049 675 3122 tempore,
706 3061 771 3122 quo
802 3038 884 3104 haec
913 3039 1083 3129 Euripidis

61 3125 165 3190 tabula
214 3122 315 3189 docta
357 3133 462 3208 esset,
500 3123 681 3208 disputavit
746 3121 786 3189 G.
820 3125 1084 3196 Hermannus

62 3232 150 3293 quarn
186 3209 420 3296 Pflugkius
449 3220 572 3275 noster.
632 3211 665 3275 Is
702 3210 787 3273 enim
827 3213 945 3297 spretis
985 3226 1083 3300 atque

65 3296 264 3381 contemptis
287 3296 416 3361 levibus
438 3297 510 3362 istis
535 3306 592 3360 aut
614 3297 724 3382 potius
746 3297 897 3362 inanibus
917 3302 1084 3367 coniectu·

64 3383 114 3464 ris,
136 3382 266 3467 quibus
289 3380 408 3447 ductus
430 3392 519 3446 esset
538 3381 711 3470 Pllugkius
737 3381 778 3445 ad
802 3407 920 3448 annum
936 3386 1085 3453 Helenae

64 3465 342 3553 investigandum,
350 3467 414 3533 hoc
425 3478 616 3555 argumento
632 3490 711 3533 usus
725 3478 840 3550 111111,
850 3494 950 3555 quum
957 3471 1088 3540 Scholi-

65 3562 162 3618 astam
188 3552 426 3637 Aristophanis
464 3553 507 3618 ad
539 3552 899 3639 Thesmophoriazusas
929 3584 961 3624 v.
993 3561 1085 3622 1012.

63 3638 267 3704 meminisset
306 3638 436 3704 tradere
465 3640 627 3705 Helenam
660 3663 726 3704 una
763 3665 835 3706 cum
872 3641 1087 3708 Andromeda

64 3725 98 3791 ab
112 3723 284 3810 Euripide
306 3725 340 3788 in
364 3748 515 3791 scaenam
538 3728 696 3814 prolatam
725 3749 796 3792 esse
835 3728 1007 3812 (Scholion
1043 3729 1087 3794 ad

61 3810 76 3874 l.
105 3835 133 3877 c.
172 3809 341 3874 eiusmodi
374 3811 529 3876 habetur:
580 3813 888 3897 Ἀνδρομέδαν]
913 3819 1086 3894 certaveris·

60 3899 321 3963 mmlarlr'rl'aarar
335 3895 407 3979 yria!-
416 3902 455 3986 τῇ
468 3899 578 3986 ‘lt'ttvp
587 3900 622 3984 ),ς
635 3899 698 3964 hoc
724 3907 902 3980 statueret,
924 3899 1087 3968 Helenam

60 4007 117 4048 una
159 4005 243 4049 curn
278 3981 335 4046 illa
376 3983 486 4050 fabula
519 3995 624 4050 actam
653 4009 725 4050 esse
758 3983 966 4069 Olympiadis
994 3987 1087 4053 XCI.

61 4093 140 4136 anno
184 4077 306 4152 quarto
335 4069 492 4135 archonte
516 4069 692 4137 Cleocrito.
741 4069 873 4133 Etenim
896 4095 961 4138 non
984 4074 1089 4141 solum

59 4153 283 4223 Scholiastam
309 4156 540 4242 Aristophanis
554 4157 595 4221 ad
611 4156 731 4221 Avium
749 4180 779 4219 v.
797 4157 869 4227 347.
903 4160 969 4229 hoc
992 4159 1099 4229 adno-
