2520 4590
438 295 679 361 HELENA.
1018 304 1057 363 tu

51 470 78 535 ιι
102 470 264 562 npdgq-op'
296 468 340 551 ἣν
368 496 437 549 σοις
460 471 670 557 ἐξερευνήσας
695 471 798 558 λάβω.

50 570 111 638 λλον
138 575 174 638 δὲ
204 571 302 656 δῶμα
330 577 504 664 περιφερὲς
527 579 685 658 θριγκοῖς
712 576 787 640 τάδε

994 588 1058 650 430

50 674 139 751 ritae
165 698 204 739 re
229 669 358 759 σεμνὰς
383 670 509 761 ἀνδρὸς
535 674 652 759 ὀλβίου
678 674 770 754 τινὸς

50 778 256 857 ιροςῑιλθον·
287 779 379 851 ἐλπὶς
406 774 436 841 δ’
467 780 501 841 λιι
530 802 564 858 γε
593 781 760 842 πλουσίων
786 775 900 862 δόμων

51 878 145 961 λαβεῖν
174 901 206 941 τι
236 875 392 952 ναύταις,
419 884 454 943 ἐκ
481 882 515 943 λλ
541 876 586 962 μὴ
613 876 752 962 ’χόντων
778 882 863 962 βίον,

53 976 112 1044 οὐδ’
140 985 167 1044 ελ
198 981 350 1055 θέλοιεν,
376 976 516 1066 ὠφελιῑν
544 985 647 1064 ἔχοιεν
672 976 728 1047 ἄν.

53 1074 101 1158 riri·
126 1086 175 1156 τίς
203 1075 252 1142 ἂν
282 1079 435 1163 πυλωρὸς
462 1087 496 1145 ἐκ
520 1080 634 1166 δόμων
659 1082 767 1165 μόλοι,

994 1093 1058 1157 435

55 1176 121 1257 λαις
145 1179 349 1262 διαῃιιλειε
374 1178 448 1267 τᾶμ’
479 1182 552 1248 οἴσω
578 1183 688 1263 κακᾶς

450 1285 484 1347 Γ
490 1285 558 1349 ΡΑ
572 1285 650 1349 ΥΣ.

60 1380 196 1465 aeneos
224 1379 404 1463 πύλαισιν,
432 1380 492 1451 οὐκ
516 1382 702 1463 ἀπαλλάξει
727 1382 847 1466 δόμων,

64 1488 98 1549 ιλ
114 1482 159 1568 μὴ
190 1482 282 1568 πρὸς
308 1481 490 1551 αὐλείοισιν
516 1483 656 1566 ἑστηκὼς
680 1482 801 1562 πύλαις

71 1576 133 1667 Ιιιλιν
160 1586 317 1669 παρέξεις
343 1584 544 1669 deonorum
573 1583 593 1666 ἢ
622 1592 790 1653 κατθανεῖ

65 1769 184 1818 triounde
207 1769 401 1832 Pflugkiue.

109 1839 135 1887 λ’,
153 1838 219 1890 432.
257 1838 287 1886 ἔκ
305 1855 334 1902 γε
353 1838 587 1901 Musgrarins.
609 1839 635 1887 ἔκ
655 1858 680 1889 ιε
699 1840 766 1890 Cod.
786 1841 814 1889 C.

109 1908 136 1955 λ’.
151 1908 219 1961 434.
258 1908 339 1970 ἔχεαν
355 1922 451 1971 apogr.
472 1909 552 1958 t'arie.
572 1909 656 1971 ἔχοιεν
678 1912 784 1962 aldus.
808 1910 930 1959 Ceterum
942 1906 1058 1957 Kireh-

61 1973 166 2027 tostius
187 1979 307 2026 coniecit
326 1971 522 2042 ὠφεληθειῂμεν
540 1974 580 2030 ἄν.
610 1979 736 2030 Fortasse
755 1996 822 2029 uirtus
841 1979 939 2029 excidit
958 1993 1057 2028 versus.

61 2042 110 2096 tide
126 2056 215 2098 tamen
237 2048 301 2097 adu.
318 2054 420 2111 eroget.
439 2046 471 2097 R.
490 2046 525 2095 K.

59 2198 121 2263 αιιΐν
142 2210 189 2251 aut
213 2202 295 2252 huius
319 2203 404 2252 simile
430 2203 526 2252 subau-

58 2268 160 2320 hrium
188 2274 233 2320 sit.
272 2273 306 2320 V.
334 2272 368 2322 ed
393 2288 420 2323 v.
447 2272 524 2325 1049.

60 2336 198 2389 mueK.
244 2341 287 2390 De
320 2341 363 2390 hie
389 2343 527 2406 particulis

58 2408 187 2473 nequae
210 2411 246 2460 ad
268 2410 452 2461 Devarium
472 2414 525 2461 vel.

58 2474 84 2527 u
100 2494 125 2543 p.
149 2479 207 2532 456
229 2495 272 2542 eq.
296 2480 423 2530 adnotavi
449 2482 528 2530 huius

58 2562 142 2614 qnoque
154 2551 210 2598 loci
222 2550 327 2598 ratione
338 2551 436 2598 habita.
448 2550 478 2599 lt.
494 2551 527 2599 K.

80 2618 180 2673 utel.
214 2615 526 2683 renumerargnifi-

58 2700 108 2750 ιιι,
131 2689 352 2753 splendidae.
377 2688 529 2738 Notaeunt

58 2752 288 2807 Demosthenis
304 2759 352 2807 illa
365 2757 472 2823 Olynth.
484 2758 528 2808 ΙΙΙ.

57 2822 130 2887 4263
155 2825 206 2891 τὴν
234 2822 394 2891 Ἀριστείδου
416 2830 458 2877 ιιαλ
483 2823 529 2891 τὴν

57 2892 184 2946 'arrabon
222 2897 265 2946 ιιαλ
302 2898 353 2946 τῶν
386 2894 444 2946 ιόιι
468 2899 526 2958 λοιμ-

55 2966 111 3027 {pir
139 2965 231 3016 οικίσν
263 2967 292 3015 ολ
318 2980 355 3016 ιιι
381 2963 431 3032 ἄρα
458 2960 528 3016 οἶδεν

54 3028 109 3095 t'utir
126 3033 213 3087 ὁποία
235 3028 292 3085 σοι’
311 3035 387 3096 ἐστίν,
410 3036 462 3103 ὁρᾷ
482 3051 527 3100 ιηι

54 3110 237 3170 τιν’γιαονοε
269 3099 348 3155 ου’δὲν
372 3106 527 3169 σομνοιέραι

54 3168 127 3225 tim.
136 3175 218 3236 Quae
225 3177 366 3240 repetntn
374 3192 445 3226 σιντ.
453 3177 476 3240 ξ
483 3176 525 3228 30.

52 3248 215 3297 chrismon.
241 3244 267 3312 §.
286 3246 346 3300 207
371 3244 526 3297 PFLUGK.

77 3314 101 3367 λ
117 3315 175 3369 433
199 3331 239 3379 eq.
278 3313 313 3364 ἐιι
337 3314 370 3364 δὲ
388 3313 427 3381 μή
450 3313 526 3378 ’χόι-

52 3396 99 3433 rer
112 3387 133 3449 β
140 3385 173 3435 lo
181 3386 213 3451 ν]
234 3385 286 3434 Hie
305 3393 335 3433 ut
351 3392 529 3449 congruerent

51 3458 175 3535 *fluentia
205 3456 247 3503 eic
276 3456 418 3505 scribenda
444 3462 527 3514 eruut,

51 3516 96 3571 n't’
115 3525 143 3575 el
162 3522 289 3582 θέλοιεν,
319 3519 456 3598 λάβοιο
439 3542 472 3573 αν
496 3541 526 3571 ιι.

51 3588 111 3651 Quo
148 3610 225 3644 nuuc
262 3595 301 3643 ite
341 3579 528 3672 conformavit,

52 3666 111 3725 quei
143 3664 345 3729 praecessisset
377 3662 405 3714 ολ
433 3661 462 3713 δὲ
494 3658 525 3727 μή

52 3730 135 3793 λιιιιιι
153 3732 229 3798 βλον.
254 3732 409 3786 PFLUGK.
445 3734 528 3794 Haeo,

53 3814 114 3863 quur
136 3805 224 3853 inivit
243 3802 440 3867 Pflugkiue
458 3804 527 3851 ratio

54 3884 100 3923 'tn
119 3890 181 3924 uon
204 3880 249 3922 eet
270 3872 350 3922 huiue
370 3875 423 3922 loci
442 3872 525 3935 expli-

55 3941 254 4001 natuturae
290 3944 361 3992 enim
396 3943 527 4007 elegantia

56 4014 168 4063 trationis
203 4014 233 4062 in
266 4014 325 4062 eiua
358 4013 430 4063 modi
460 4013 527 4061 louis

56 4090 117 4141 uret,
136 4085 161 4132 ei
183 4083 317 4145 quiahoc
339 4083 420 4132 modo
439 4083 528 4132 omnia

57 4160 171 4202 mutere
202 4168 237 4202 ac
260 4160 415 4216 pervertere
433 4152 528 4201 veliet?

59 4212 121 4271 ΙΙιιιο
145 4224 187 4273 eie
221 4222 344 4285 loquitur
369 4228 462 4281 poete,
488 4229 522 4278 ur,

76 4307 149 4367 Burip
185 4307 241 4351 1'01.
258 4306 288 4353 ΙΙ,
310 4305 377 4351 Seet.
400 4304 416 4350 Ι

577 2204 657 2252 etiam
685 2205 707 2252 ei
735 2205 825 2267 paullo
849 2205 926 2252 aliter
953 2203 1059 2252 eonfor-

578 2281 649 2322 mata
666 2274 752 2321 oratio
772 2275 820 2335 eit,
832 2279 912 2336 etque
931 2272 963 2321 ab
981 2274 1058 2320 initio

578 2343 769 2392 conformatum
778 2345 809 2392 iri
818 2343 1060 2398 virlebatuntemen

578 2415 605 2461 iu
632 2429 659 2460 se
690 2415 749 2475 ipsa
780 2413 935 2474 cohaereat,
958 2418 988 2458 ut
1008 2410 1060 2459 hoc

578 2484 650 2531 dicat
678 2491 768 2544 poeta:
795 2483 877 2546 Spes
904 2496 985 2529 uero
1010 2489 1060 2530 est

579 2568 616 2601 ex
643 2553 809 2601 divitibus
845 2552 973 2615 quidem
1008 2551 1059 2600 do·

579 2622 684 2670 mibue
710 2636 757 2670 mo
783 2621 921 2684 aliquid
947 2621 1059 2668 nautio

579 2699 756 2754 capturum
775 2706 861 2751 esee,
875 2690 1059 2738 exiievcro

579 2761 747 2822 domihnr,
776 2775 858 2825 quac
893 2761 989 2821 iprae
1015 2759 1060 2806 vi·

579 2837 663 2879 etum
691 2845 758 2878 non
792 2830 932 2888 habeut,
961 2842 999 2876 ne
1032 2829 1060 2876 ei

579 2900 710 2947 vellent
729 2900 872 2962 quidem,
888 2896 972 2945 utile
997 2895 1059 2945 ali·

579 2970 660 3032 qnid
696 2969 859 3031 praebere
886 2965 1060 3026 haberent,

578 3053 672 3101 nempe
720 3038 872 3086 homines
926 3035 1060 3084 illerum

579 3108 750 3156 domorum
776 3106 921 3156 incolae.
958 3102 1060 3163 Quibus

578 3179 605 3225 in
625 3178 712 3226 verbis
724 3176 789 3224 illud
809 3176 929 3239 quidemr
939 3172 968 3223 λιι
985 3171 1060 3236 δὲμὴ

578 3241 686 3308 χοι-των
696 3245 765 3309 βλον,
778 3247 815 3294 eie
828 3245 1060 3308 dicitur‚ut-magie

583 3317 617 3364 ad
635 3316 819 3365 antecedentia
838 3331 866 3365 se
884 3316 971 3364 oratio
989 3314 1061 3364 edei·

579 3387 661 3446 milet,
675 3401 760 3449 neque
773 3385 888 3435 sortasse
906 3386 944 3434 eic
963 3385 1061 3433 dictum

580 3465 663 3517 essct,
690 3457 742 3504 uiri
771 3456 822 3503 iste
849 3455 930 3503 verba
956 3462 1061 3503 eutece-

579 3526 681 3585 ‹lerent‚
695 3526 741 3574 sed
759 3540 814 3573 non
826 3526 864 3573 ita
873 3534 961 3573 tamen
973 3523 1060 3570 oratio

579 3595 745 3643 conformata
763 3600 811 3656 eet,
821 3601 850 3644 ut
863 3609 920 3642 oum
939 3595 981 3652 iie,
994 3605 1061 3653 quae

579 3671 741 3728 sequuntur,
757 3665 894 3712 conciliari
912 3663 990 3726 piane
1007 3672 1062 3706 uon

580 3741 673 3796 queat·
698 3734 770 3798 qnod
789 3741 843 3782 tum
863 3737 941 3790 esset,
960 3730 982 3776 si
1002 3728 1061 3790 quie

580 3802 639 3852 Piiu
643 3803 765 3866 gkieuam
790 3805 921 3851 rationem
942 3813 1062 3859 compro-

575 3875 639 3923 bare
658 3874 746 3922 vellet.
765 3871 796 3920 R
817 3872 859 3932 λ4’.

611 3943 646 3992 λλ.
665 3942 725 3995 437
764 3934 823 3987 οὐκ
843 3913 1061 3996 αααλλάξει-κ

578 4013 631 4060 καλ
650 4009 704 4076 μή]
732 4009 867 4058 Particule
893 4000 926 4054 ου’
945 4020 1004 4054 cum
1022 4020 1062 4054 ee·

579 4083 666 4131 cunda
681 4094 796 4143 persona
815 4077 897 4126 futuri
921 4077 1063 4125 coniuncta

579 4153 607 4200 in
634 4149 845 4210 interrogatione
876 4162 924 4212 pro
950 4147 1064 4233 impera·

574 4222 630 4269 tiro
650 4221 773 4282 ponitur
794 4218 1012 4287 interponatur
1026 4232 1071 4266 ue.-

839 4330 858 4373 :t
