2520 4590
395 228 399 237 ’
508 276 749 348 1110110110.
1012 263 1020 357 ;
1101 290 1139 354 17

109 470 223 533 quum
246 446 514 515 exstinetam
535 449 744 518 Admetus
769 453 1045 542 impatienter
1068 456 1146 525 do·

103 532 232 618 leret,
252 532 466 600 Herculis
488 532 717 603 laboribus
740 539 777 602 ei
800 540 979 607 reducta
1002 543 1051 608 ab
1078 543 1146 609 in·

99 618 204 686 {eris
227 618 409 685 dicitur.
454 616 694 706 Eleganter
716 645 817 711 ergo
838 625 907 692 hic
928 629 1055 713 poeta
1076 653 1143 693 oe·

97 728 175 769 ram
201 710 312 770 mori
332 707 703 790 Admeto-posuit:
726 709 947 776 videlicet
967 736 1041 797 pro
1060 698 1177 798 quo.

95 789 212 855 alter
258 789 487 857 concessit
524 791 564 854 in
606 791 706 857 fata.
760 794 883 861 Unde
919 798 1142 865 Iuvenalis

93 872 180 960 (aaa
204 876 275 942 vr.
301 877 419 955 osa).-

233 989 444 1071 Spectont
464 989 827 1071 ozrooomemsaca
850 995 996 1055 :auriti

177 1094 415 1153 Alcestem.

176 1200 284 1265 Haec
315 1198 438 1280 habui,
469 1219 554 1281 quae
578 1199 676 1263 certis
708 1199 897 1265 auctoribus
923 1201 963 1266 de
985 1203 1134 1273 Admeto

91 1298 122 1351 et
143 1282 333 1351 Alcestide
355 1283 526 1348 referrem:
550 1307 690 1369 quorum
714 1295 852 1370 apparet
865 1285 998 1372 longius
1016 1289 1136 1355 lamam

91 1394 193 1457 quam
225 1378 420 1434 accuratam
452 1392 560 1433 rerum
588 1369 777 1434 memoriam
801 1369 953 1434 valuisse.
998 1373 1052 1437 Ac
1074 1399 1136 1472 po-

91 1464 178 1523 terat
201 1453 409 1520 narrationis
439 1454 579 1519 exilitati
601 1454 735 1541 egregia
765 1454 962 1519 circumdari
992 1479 1135 1543 species,

91 1542 117 1607 ai
130 1541 294 1627 ,serutari
316 1562 468 1604 arcanam
490 1540 620 1605 fabulae
644 1540 807 1602 rationem
830 1539 1019 1624 placuisset.
1067 1540 1137 1607 Sed

91 1650 162 1695 eam
197 1649 267 1712 ego
291 1649 378 1708 rem,
410 1634 448 1688 ut
471 1625 511 1689 ab
535 1626 687 1690 instituto
710 1634 824 1688 nostro
849 1625 1008 1708 alienam,
1040 1649 1137 1724 prae-

91 1710 347 1779 termittendam
379 1711 507 1773 censui:
537 1733 646 1792 neque
678 1709 714 1773 id
737 1733 837 1794 aegre
860 1712 967 1774 ferent
1014 1735 1047 1774 111
1071 1712 1136 1776 isto

91 1821 217 1885 genere
240 1795 476 1882 disputationis
500 1794 723 1877 delectantur,
750 1795 869 1879 quibus
891 1734 1027 1881 optandi
1050 1797 1137 1861 inter

92 1885 217 1948 multas
251 1891 287 1945 et
314 1879 409 1945 valde
445 1879 590 1946 diversas
614 1881 790 1964 opiniones
813 1879 911 1944 video
936 1890 1135 1966 potestatem

93 1968 229 2034 hetam.
292 1965 396 2029 Aliud
426 1966 513 2049 enim
543 1966 620 2030 olim
660 1966 857 2030 Martino
888 1965 1131 2031 Hermanno

93 2054 224 2141 placuit
247 2051 391 2138 Mythol.
415 2049 534 2116 Graec.
556 2051 622 2115 vol.
645 2050 691 2114 II.
737 2053 848 2132 ‚275.,
885 2049 975 2114 aliud
999 2051 1130 2117 Boet-

93 2141 241 2226 tigero
275 2138 310 2200 in
341 2137 444 2216 libro,
482 2136 534 2201 cui
565 2135 683 2200 index:
712 2075 857 2200 1101101
896 2136 1133 2201 Teutscher

94 2225 293 2306 Mamur,
321 2224 411 2286 1792.
435 2222 481 2286 ΙΙ.
515 2248 547 2308 p.
574 2223 767 2301 lla-130„
793 2244 932 2305 quorum
956 2222 1132 2305 utriusque

97 2309 302 2375 seutentiam
325 2307 453 2372 rettulit
482 2307 666 2372 Nitzsch
688 2307 723 2370 in
746 2306 829 2370 Lex.
860 2305 1004 2392 Mythol.
1037 2307 1065 2370 l.
1098 2332 1131 2393 p.

98 2398 159 2460 127
192 2417 219 2459 s.
274 2393 347 2458 Nec
376 2393 480 2479 magis
510 2401 569 2456 aut
599 2416 672 2457 cum
703 2391 768 2455 illis
801 2399 858 2453 aut
886 2391 972 2454 inter
1001 2414 1036 2456 se
1067 2391 1132 2479 ipsi

96 2479 318 2547 consentiunt
346 2479 402 2562 qui
421 2502 528 2564 nuper
551 2477 688 2542 eandem
712 2476 972 2561 disputationem
994 2498 1130 2541 revoca-

96 2575 239 2647 verunt,
272 2563 312 2628 C.
335 2563 377 2631 O.
400 2564 635 2628 Muellerus
664 2562 699 2625 iu
727 2561 941 2626 Doriensium
964 2561 1130 2627 volumine

118 2654 201 2717 rimo
225 2661 261 2713 et
284 2648 428 2714 Godof
436 2673 460 2712 r.
486 2649 698 2714 Hermann
710 2670 756 2711 us
787 2645 821 2710 in
853 2647 1057 2731 praefatione
1088 2646 1131 2711 ad

98 2677 272 2822 lluripidis
293 2735 455 2800 Ale-estin.

182 2840 288 2904 Plura
322 2837 482 2902 disserere
504 2835 656 2900 volebam
679 2834 721 2898 de
743 2835 871 2899 ratione
895 2858 943 2914 ea,
969 2855 1035 2914 qua
1059 2831 1130 2893 Eu-

99 2925 222 3012 ripides
246 2925 365 3009 poetae
389 2922 535 2986 officium
556 2920 831 3000 administrasset,
857 2919 920 2981 uisi
944 2939 994 2979 me
1020 2914 1130 2978 deter-

99 3012 248 3076 ruissent
276 3032 361 3093 quae
385 3007 517 3093 scripsit
543 3006 601 3071 Io.
624 3005 749 3070 Henr.
774 3003 968 3066 Bromius
989 3000 1022 3062 in
1046 2998 1130 3063 Dia-

99 3097 153 3162 riis
185 3092 379 3159 Darnrstad.
411 3117 440 3156 a.
472 3093 565 3157 1829.
588 3091 634 3156 N.
657 3094 729 3170 48.,
763 3112 829 3153 uon
854 3110 919 3171 quo
943 3108 1006 3171 ego
1030 3083 1129 3148 ullam

100 3191 226 3266 partem
257 3203 369 3243 eorum
400 3200 485 3262 quae
518 3185 597 3242 sunt
627 3177 752 3260 scripta
782 3172 902 3237 abillo
926 3168 1129 3256 probandam

99 3276 227 3350 putem:
254 3264 312 3329 sed
328 3287 428 3347 quum
443 3263 549 3326 virum
566 3271 600 3326 et
615 3261 748 3324 doctum
764 3268 795 3323 et
808 3255 1004 3343 prudentem
1023 3255 1056 3318 in
1078 3254 1128 3317 iu—

100 3350 243 3416 dicando
267 3371 423 3413 revocare
445 3349 486 3414 ab
503 3349 686 3413 inveterato
710 3366 818 3408 errore
851 3365 916 3407 uon
940 3340 1129 3426 potuissent

99 3436 163 3502 duo
197 3435 317 3500 summi
346 3433 512 3516 homines,
545 3430 759 3496 Goethius
783 3436 817 3490 et
839 3427 1128 3502 Hermannus‚

100 3521 178 3606 quid
206 3544 271 3607 ego
301 3542 352 3582 me
383 3541 552 3605 sperarem
575 3516 768 3581 effecturum
791 3514 826 3574 in
849 3512 907 3590 iis,
938 3529 1020 3591 quos
1045 3505 1128 3568 scie·

99 3607 172 3691 bam
220 3606 358 3670 lurimos
380 3603 415 3668 in
428 3603 544 3668 eadem
567 3626 642 3667 cum
664 3596 834 3664 Bremio
864 3593 1026 3660 sententia
1042 3608 1126 3665 esse,

100 3715 159 3757 uec
191 3632 346 3756 doctrina
377 3713 451 3755 cum
480 3689 538 3753 illo
562 3711 623 3752 nec
654 3683 769 3749 iudicii
792 3680 973 3746 subtilitate
996 3692 1128 3753 eompa-

101 3777 245 3842 randos?
289 3776 422 3862 Legunt
442 3775 556 3861 igitur⁷
581 3772 700 3857 quibus
725 3791 802 3832 cura
820 3763 1064 3851 ingeniumque
1079 3761 1130 3850 est

101 3861 343 3948 distinguendis
372 3864 544 3947 poetarum
573 3855 748 3925 virtutibus
771 3851 943 3931 vitiisque,
967 3843 1128 3938 1110011881-

102 3973 185 4012 mam
209 3946 389 4012 Goethii
413 3946 571 4027 fabulam,
590 3965 674 4027 quae
690 3938 850 4020 inscripta
869 3939 934 3993 est:
958 3922 1126 4011 Gotter,

102 4034 276 4099 Heroen
305 4032 388 4096 und
416 4029 619 4098 Wieland
649 4025 752 4112 (Opp.
784 4018 852 4113 vol..
877 4007 1053 4111 XXXIlI.
1085 4007 1127 4072 cf

103 4118 164 4184 vol.
187 4119 328 4184 XXXI.
352 4143 385 4204 p.
408 4117 469 4201 5.),
494 4140 592 4201 quam
613 4114 668 4178 ille
684 4109 870 4190 composuit
890 4092 1126 4164 Wlelandll

908 4203 922 4241 o

140 4225 230 4290 Eurip.
254 4225 310 4273 Vol
329 4225 368 4274 11.
387 4222 459 4274 Seot.
480 4223 517 4270 Π.
