2520 4590
549 194 748 248 ooruianni.
1142 199 1184 265 57

133 334 180 402 10.
217 333 276 403 καὶ
302 334 363 405 σοὶ
388 339 425 405 τί
449 340 576 430 θηρῶν
603 334 782 430 ὀνόματος
809 344 926 438 μετῆν,
954 339 1097 429 τέκνον;

135 433 197 506 ΠΟ.
217 429 286 518 νὺξ
308 427 364 532 ἦν,
378 432 579 530 Ἀδράστου
603 435 639 509 d'
658 432 777 536 ἦλθον
800 450 850 528 εἰς
868 441 1110 536 παραστάδας.
1136 466 1187 518 olo

137 537 181 605 10.
217 543 341 623 κοίτας
367 536 530 630 ματεύων
556 533 580 634 ᾖ
607 539 729 634 φυγὰς
755 542 1002 636 τλανωμενος;

139 629 262 734 llario
289 643 419 711 ταῦτα·
447 632 527 734 κᾷτ’
555 646 711 739 ἐπῆλθεν
737 641 849 731 ἄλλος
875 638 924 718 αὖ
951 644 1083 740 φυγάς.

139 739 182 808 10.
218 746 271 825 τίς
298 734 429 828 οὗτος;
457 741 505 828 ὡς
530 739 591 836 ἄρ’
623 741 752 830 ἄθλιος
777 743 942 832 κακεῖνος
967 740 1023 844 ἦν.

139 839 197 910 ΠΟ.
220 839 376 929 loeson,
404 839 448 915 ὃν
476 842 611 930 Οἰνέως
638 847 752 939 φασὶν
777 852 932 942 ἐκφῦναι
959 847 1105 943 πατρός.

139 940 181 1010 10.
218 948 252 1012 τί
276 944 413 1038 θηρσὶν
439 943 534 1038 ὑμᾶς
560 944 640 1042 θῆτ’
659 944 859 1040 ’Ἄδραστος
885 948 1036 1044 prooem
1136 973 1187 1022 420

139 1040 196 1114 ΠΟ.
216 1050 405 1140 στρωμνῆς
430 1051 467 1132 ἐς
492 1044 604 1143 ἀλκὴν
631 1047 760 1121 οὕνεκ’
788 1047 949 1147 ἤλθομεν
976 1049 1066 1146 τέρα.

161 1267 254 1328 V.415.
290 1266 574 1342 satiatissime
594 1272 622 1330 δ’
676 1268 723 1345 ἦν.
758 1276 869 1356 Etenim
892 1274 1010 1358 oic'd'poe
1031 1281 1186 1358 particulae

134 1339 625 1466 μμμέον]θέὲτῶ1)μωορτὴ.ὃὶζΠξξΙβλὶρ
677 1344 777 1398 eodem
786 1362 863 1466 tillim
888 1349 1134 1469 ratiocintationem
1157 1351 1187 1457 in

186 1429 262 1477 ραμ
319 1429 368 1477 no,
393 1429 447 1477 ηκε
524 1431 595 1481 ayss
676 1427 706 1466 se
733 1427 785 1465 oon
830 1429 877 1466 erc
899 1430 1027 1483 possun‚
1057 1432 1113 1484 quo
1140 1433 1175 1470 ex

141 1323 150 1350 ἲ

133 1476 175 1529 lor
184 1496 225 1539 τις
235 1471 275 1538 ὥς
283 1469 416 1537 Ἐλάτεια
425 1481 626 1548 κατείληπται.
677 1479 885 1538 clamationem.
921 1481 963 1535 De
986 1479 1043 1549 ἄρα
1065 1485 1095 1536 in
1113 1485 1184 1538 cius·

131 1538 217 1613 Incipit
252 1545 348 1597 autem
378 1544 527 1614 Polynices
562 1564 625 1602 eam
677 1547 755 1600 modi
780 1547 850 1602 locis
873 1565 907 1602 ex
929 1549 1040 1604 licatius
1068 1551 1128 1604 dixi
1150 1552 1186 1605 ad

126 1624 176 1673 ,rem
197 1627 328 1688 nemore,
352 1627 410 1690 qua
431 1614 461 1667 id
484 1615 560 1680 quod
580 1616 624 1669 Io·
676 1566 1095 1691 DeveriumVol.le.174sqq.
1114 1617 1185 1672 Con·

127 1679 192 1733 cate
209 1694 282 1732 scire
300 1685 378 1748 eupit
396 1680 559 1750 explicabit.
676 1697 734 1736 cisa
752 1684 847 1737 autem
865 1684 947 1738 huius
960 1701 1056 1740 versus
1074 1696 1185 1739 senten-

150 1745 218 1804 ibid,
264 1745 306 1808 εἰς
336 1766 377 1800 πα
398 1746 538 1820 concidor]
569 1769 624 1804 not·
675 1749 718 1803 tia
737 1751 777 1804 sio
796 1751 942 1806 dilatanda
960 1755 1016 1806 est:
1037 1752 1115 1819 ‘Quis
1132 1753 1187 1807 iste

123 1767 542 1886 ooorddoedixisselluripidem
552 1834 624 1886 quae
675 1817 759 1870 furor
788 1818 847 1872 vel:
881 1817 965 1883 ‘Quid
990 1819 1038 1874 isti
1065 1820 1185 1874 nominis

122 1879 253 1935 Homerus
272 1879 388 1936 dixisset
406 1880 556 1955 σταθμούς
575 1903 621 1939 an·
676 1886 736 1938 est?
771 1885 844 1940 Nam
872 1903 945 1954 quae
972 1887 1032 1940 eius
1059 1887 1185 1942 condicio

120 1948 224 2003 notavit
241 1947 370 2002 Eustath.
382 1952 419 2005 ad
430 1952 510 2011 Iliad.
522 1971 551 2023 p.
563 1960 622 2022 402,
675 1952 773 2018 fuerit,
795 1970 851 2007 non
875 1956 917 2008 est
935 1955 1012 2020 quod
1030 1956 1184 2023 exquiram.

119 2022 158 2072 23:
169 2013 256 2084 μέρος
264 2015 520 2102 θνρῶν,1οομίθ,ἐν
529 2022 623 2075 Odor·
674 2019 796 2087 Etenim,
815 2024 847 2074 ut
864 2022 968 2090 tuipse
981 2039 1080 2076 narras
1092 2019 1185 2102 (olco),

117 2085 179 2154 orla
197 2082 229 2139 ol
245 2087 382 2154 σταθμοί,
406 2105 458 2150 ους
476 2081 623 2158 copercul-
675 2088 905 2154 quandoquidem
924 2089 1052 2144 exsulem
1068 2107 1132 2144 eum
1144 2107 1185 2144 ais

115 2154 168 2215 δας
193 2148 209 2207 ὁ
238 2149 377 2220 τραγικός
400 2175 422 2223 φ
444 2173 498 2210 ων.
535 2157 623 2210 Recte
674 2155 773 2221 luisse,
800 2158 885 2211 miser
901 2159 962 2226 ipse
981 2173 1093 2224 quoque
1111 2159 1187 2215 fuit’.

113 2218 200 2298 igitur
244 2218 400 2300 conclusit·
426 2175 624 2278 lalckenarius
675 2221 736 2276 Hoc
757 2223 811 2277 sibi
827 2227 943 2292 poetam
962 2228 1115 2303 voluisses
1135 2243 1185 2294 pa·

112 2289 232 2342 vertisse
249 2287 370 2340 Statium
391 2307 421 2342 in
439 2290 528 2348 Theb.
544 2293 556 2345 l
574 2297 623 2347 388
674 2292 720 2344 ret
738 2293 824 2344 etiem
850 2309 884 2346 ex
904 2308 1085 2361 responsione
1127 2295 1186 2361 oly-

112 2355 227 2426 ipootoe
243 2354 362 2410 acolinis
378 2359 505 2476 foetidos
525 2361 624 2426 coloc;
675 2357 754 2411 uicis.

112 2421 186 2481 conf.
200 2421 623 2491 etiemSupp.142,ubiAdra-
710 2424 743 2479 V.
754 2431 814 2479 419.
853 2421 980 2498 Τυδεύς]
1012 2428 1038 2480 ls
1063 2427 1186 2481 obeam

112 2491 186 2544 stus:
216 2487 340 2545 ἐλθόντε
372 2493 488 2562 φυγάδε
518 2493 625 2558 νυκτὸς
676 2507 789 2546 causam
807 2493 912 2562 fugisse
930 2495 1055 2563 patriam
1073 2495 1185 2559 dicitnr,

112 2557 156 2620 εἰς
175 2553 247 2626 ἐμὰς
265 2552 368 2621 πύλας.
675 2561 751 2626 quod
779 2566 930 2629 cognatum
958 2562 1083 2629 aliquem
1106 2580 1186 2616 suuni

144 2624 246 2683 V.416.
266 2627 398 2687 κοίτας..
411 2625 622 2699 πλανωμενοςς]
675 2628 826 2686 occiderat.
875 2628 942 2694 Quis
971 2630 1019 2683 ille
1050 2631 1185 2698 cognatus

111 2692 225 2748 ‘Cubile
244 2709 382 2760 quaerens
400 2696 432 2748 iit
450 2697 528 2749 exsul
546 2714 622 2752 erra·
674 2695 768 2759 fuerit,
779 2697 917 2750 incertum
929 2703 1055 2751 veterum
1068 2698 1186 2764 scripto·

109 2761 256 2815 bundusl’
673 2779 737 2814 rum
754 2765 916 2816 testimonia
932 2765 1104 2830 relinquunt.
1131 2767 1183 2816 Ao·

145 2827 247 2885 V.417.
258 2815 329 2882 κᾶτ’·
337 2824 469 2897 ἐπῆλθεν
478 2829 622 2887 Nauckius
674 2834 770 2883 curate
792 2831 827 2884 dc
851 2847 885 2885 ea
909 2847 939 2884 re
958 2831 1018 2900 egit
1035 2831 1186 2900 Apollodo-

110 2895 247 2951 restitnit.
280 2882 361 2949 liibri
382 2887 458 2968 κᾷτά
480 2896 509 2968 γ’
528 2890 623 2969 ἦλθεν
676 2913 723 2949 rus
741 2897 753 2948 l
772 2904 795 2961 8,
816 2906 839 2962 o,
858 2900 894 2952 ad
913 2914 997 2964 quem
1015 2899 1108 2952 locum
1122 2898 1186 2951 vide

109 2963 256 3035 puteus
270 2961 306 3050 μὲ
322 2963 427 3019 inutili.
677 2979 749 3030 quae
768 2963 894 3032 Heynius
911 2967 1067 3019 annotavit.
1102 3027 1109 3048 ,

145 3025 354 3100 V.418.oiro'ip'
371 3027 625 3098 ἅθλιοςκᾶκεῖνος
709 3030 743 3085 V.
755 3038 814 3091 4⁴21.
861 3032 1009 3103 στρωμνῆς
1037 3029 1066 3095 ἐς
1092 3031 1185 3101 clato

109 3091 163 3169 ἦν]
186 3097 259 3154 (lum
277 3100 350 3153 hunc
368 3117 479 3155 versum
491 3102 523 3159 P.
535 3102 625 3156 Elms·
677 3090 1005 3172 οὕνεκ’ἥλθομενπὲρι]
1016 3100 1187 3177 Quodpnae-

109 3167 183 3220 leius
208 3167 245 3221 ad
262 3167 337 3227 Med.
359 3175 424 3222 1248
443 3171 561 3239 propter
578 3186 625 3224 ex·
676 3168 780 3236 positio
798 3167 864 3235 πέρι
884 3169 919 3223 ab
938 3184 972 3223 eo
991 3184 1047 3235 quo
1061 3172 1187 3238 pertinet

111 3232 323 3304 clamationem,
342 3253 415 3304 quae
434 3240 508 3292 esset
521 3237 550 3290 in
562 3253 625 3304 par·
676 3236 789 3289 nomine
808 3237 955 3307 στρωμνῆς
978 3239 1114 3291 remotior
1135 3240 1185 3300 est,

110 3299 353 3371 tradiderim,
374 3305 526 3370 attulisset,
549 3309 625 3359 recte
676 3318 733 3356 non
751 3302 898 3358 debetnos
911 3305 1063 3363 offendere.
1096 3305 1148 3359 See
1171 3320 1186 3357 e

111 3369 228 3448 quidem
247 3370 282 3427 G.
297 3372 475 3426 Hermannus
493 3372 565 3425 dixit
582 3389 625 3426 sa·
677 3370 752 3448 enim
766 3370 821 3425 hoc
835 3371 936 3427 Graeci
949 3373 1084 3437 fecerunt,
1102 3321 1186 3424 modo

110 3438 149 3491 tis
176 3437 281 3492 miram
311 3457 370 3494 esse
396 3441 470 3494 hanc
497 3440 625 3494 locastae
676 3439 718 3490 ita
734 3438 784 3490 illa
803 3455 875 3505 quae
893 3440 1089 3507 coniungenda
1105 3440 1187 3492 erant

111 3504 325 3561 miserationem
335 3507 456 3562 hominis
465 3508 564 3576 ignoti,
575 3508 625 3562 sed
677 3505 764 3559 verba
780 3505 810 3559 iii
829 3509 974 3561 enuntiato
987 3508 1139 3582 exstarent,
1154 3508 1186 3558 ut

111 3571 240 3626 debebat
256 3575 299 3628 vir
316 3592 441 3628 summus
458 3577 555 3630 tamen
572 3575 625 3628 hoc
678 3588 774 3626 eorum
801 3574 842 3627 vis
873 3576 904 3628 ct
929 3575 1097 3628 constructio
1125 3588 1185 3625 sese

111 3639 243 3706 adicere,
283 3643 422 3697 erravisse
461 3642 625 3696 Elmsleium
675 3640 810 3709 proderet
836 3642 899 3708 ipsa
920 3641 1068 3694 verborum
1095 3639 1184 3692 collo·

110 3708 200 3774 atque
222 3708 393 3776 interpretes
416 3711 552 3776 reliquos,
576 3711 625 3777 qui
677 3709 796 3766 catione.
841 3709 886 3762 Sic
911 3708 964 3760 hoc
991 3723 1072 3760 versu
1100 3724 1185 3784 στρω-

110 3773 348 3831 exelamatiouem
383 3778 412 3830 in
446 3778 501 3830 illis
531 3777 625 3832 verbis
676 3778 749 3846 μνῆς
773 3793 835 3830 cum
859 3775 981 3843 primum
997 3774 1095 3851 ,locum
1114 3775 1185 3826 obti-

110 3842 254 3898 contincri
275 3846 431 3913 putassent.
470 3845 529 3898 lsta
550 3846 625 3899 enim
676 3843 827 3909 neatntpi
842 3844 937 3896 autem
953 3842 1091 3907 ultimum,
1101 3841 1185 3894 facile

109 3910 215 3977 verba,
243 3911 267 3964 si
292 3929 353 3967 rem
379 3913 466 3980 paulo
492 3913 624 3991 pinguius
677 3911 889 3965 constructionis
916 3909 988 3986 ratio
1012 3908 1184 3976 agnoscitur.

110 3977 256 4048 explicaro
272 3980 411 4044 volumus,
430 3980 483 4033 hoc
502 3980 557 4033 sibi
575 3996 624 4034 vo·
677 3977 730 4032 (lfr.
748 3977 894 4058 Sophoclis
912 3976 1052 4057 Antiguv.
1066 3976 1184 4055 alluunt

109 4047 185 4101 lunt:
205 4055 283 4100 ‘nam
300 4047 384 4101 rebus
401 4048 442 4101 ita
455 4049 624 4116 comparatis
676 4044 733 4098 τῶν
758 4048 912 4098 &convenio
940 4059 1077 4121 Zenonos.
1092 4046 1184 4110 ζωμεν

110 4112 201 4168 etiam
218 4114 268 4168 ille
286 4114 456 4181 miserfuit’,
474 4111 554 4177 utris
568 4110 625 4183 ἄρα
676 4109 750 4177 πέρι.
770 4143 803 4151 -
827 4112 957 4167 Ceterum
980 4109 1129 4188 Euripides
1156 4112 1186 4164 et

110 4175 171 4237 κτὲ.
202 4181 258 4236 hoo
291 4182 353 4236 loco
385 4181 463 4236 idem
492 4182 551 4236 fere
581 4184 624 4248 sit,
676 4179 803 4259 hocloco
817 4181 846 4258 et
858 4181 886 4233 in
900 4178 1024 4249 Supplic.
1037 4185 1184 4297 v.144sqp.

109 4249 203 4317 quod:
222 4245 287 4305 lusi
300 4246 357 4318 ἄρα
369 4245 506 4313 κάκεῖνος
519 4245 625 4314 ἄθλιος
676 4247 912 4318 simplicissimam
927 4247 1003 4303 hane
1019 4261 1190 4299 causamu-
