2520 4590
495 201 684 256 ΗΡΑΚΛΗΣ.

216 365 321 434 ποσὶν
338 367 504 434 ἕλκουσαν
522 367 622 433 τέκνα
639 365 696 432 καὶ
714 363 851 452 γεραιὸν

217 469 332 555 πατέρ’
350 468 558 561 Ἡρακλέους.
596 471 763 558 δύστηνος
780 471 861 557 ἐγώ,

221 578 380 665 δακρύων
399 574 445 659 ὥς
463 575 506 646 ού
525 575 675 665 δύναμαι
694 580 843 665 κατέχειν

325 691 445 772 γραίας
463 683 575 753 όσσων
594 691 642 753 ἔτι
659 684 776 772 πηγός.

504 855 682 907 ΜΕΓΑΡΑ.

160 944 246 1016 εἶεν·
273 954 324 1030 τίς
343 948 467 1037 ίερεύς,
485 955 536 1030 τίς
554 945 705 1036 σφαγεὺς
722 951 791 1016 τόν
810 947 1030 1035 δυσπότμων,

160 1049 184 1140 ἦ
203 1057 263 1142 τῆς
281 1062 440 1143 ταλαίνης
457 1053 554 1143 τῆσδ’
576 1058 655 1143 ἐμῆς
672 1058 782 1143 ψυχῆς
800 1055 941 1142 φονεύς;

162 1158 269 1247 ἕτοιμ’
292 1159 387 1248 ἄγειν
406 1161 446 1230 τόι
464 1159 590 1248 θύματ’
612 1158 788 1243 είςἍιδου
806 1162 894 1247 τόδε.

163 1257 192 1334 ὦ
210 1265 313 1352 τέκν’,
333 1264 486 1355 ἀγόμεθα
506 1271 619 1355 ζεῦγος
638 1264 680 1337 ού
699 1267 803 1337 καλὸν
821 1270 968 1355 νεκρῶν,

162 1369 252 1460 ὁμοῦ
271 1377 424 1462 γέροντες
442 1376 497 1443 καὶ
516 1377 587 1443 νέοι
605 1377 661 1443 καί
679 1376 824 1461 μητέρες.
1075 1392 1128 1442 455

163 1471 191 1547 ὦ
209 1494 311 1568 μοῖρα
331 1478 527 1549 δυστάλαιν’
548 1481 609 1568 ἐμή
627 1508 661 1549 τε
680 1483 736 1549 καὶ
754 1483 880 1548 τέκνων

161 1583 278 1673 τῶνδ’,
299 1583 358 1668 οὓς
376 1584 560 1655 πανύστατ’
582 1585 728 1674 ὄμμασιν
746 1588 1010 1674 προσδέρκομαι·

162 1698 277 1762 ἔτεκον
294 1690 357 1780 μὲν
375 1689 477 1780 ὑμᾶς,
494 1700 664 1780 πολεμίοις
682 1690 715 1762 δ’
737 1692 934 1780 ἐθρεψάμην

160 1796 310 1887 ὕβρισμα
328 1797 519 1888 κάπίχαρμα
537 1802 593 1868 καὶ
612 1801 816 1887 διαφθοράν.

160 1908 242 1991 φεύ·
682 1920 685 1927 ’

161 2003 183 2099 ἦ
202 2012 291 2081 πολύ
310 2040 346 2099 γε
366 2012 466 2101 δόξης
483 2014 640 2094 ἐξέπεσον
659 2010 847 2097 εὐέλπιδος,

59 2213 153 2290 τέκνα,
172 2218 219 2283 ut,
241 2215 310 2284 quid
335 2216 389 2271 eibi
406 2217 496 2272 velint
514 2218 566 2273 illa
619 2217 709 2272 utitur
725 2236 752 2271 v,
767 2223 828 2283 413,
847 2222 908 2284 431,
924 2221 984 2284 562,
1002 2214 1052 2270 ubi
1069 2215 1126 2270 vid.

60 2287 155 2354 vebo,
187 2287 274 2357 plene
306 2288 436 2358 intellegi
468 2290 564 2358 poenit.
621 2293 715 2344 annot.
768 2289 876 2354 Γραίας
908 2283 998 2362 dcccc
1034 2282 1129 2354 πηγός

60 2355 146 2422 Quare
160 2359 288 2428 suspicor
301 2359 410 2427 aliquid
425 2359 489 2414 vitii
503 2360 566 2414 nuh·
619 2361 730 2430 poetice
762 2376 813 2428 pro
845 2360 951 2426 γραίων
979 2352 1070 2410 ducac
1097 2376 1127 2414 π.

59 2443 127 2497 etse,
165 2429 251 2498 idque
284 2431 324 2484 cic
357 2430 565 2501 corrigendum:
620 2431 692 2485 Vide
710 2431 748 2487 ad
766 2449 792 2485 v.
812 2436 873 2496 124,
891 2429 928 2483 ad
945 2427 1005 2483 Alc.
1025 2431 1086 2482 538.

59 2493 307 2569 ότοσειραίους
316 2497 413 2570 μόλις
424 2503 473 2558 ic·
488 2503 566 2568 Quae
656 2503 689 2554 V.
701 2508 763 2556 452.
792 2501 866 2555 Sono
877 2503 905 2554 et
918 2499 1127 2554 constructione

63 2569 334 2627 dieraconiectura
344 2573 476 2640 estnihil
490 2574 567 2628 aliud
621 2573 780 2628 simillimus
815 2570 963 2640 Sophoclis
992 2569 1061 2626 Oed.
1089 2570 1123 2626 R.
1217 2568 1222 2583 ‘

10 2700 12 2709 ,
58 2640 124 2697 dicit
146 2658 234 2710 qnam
257 2643 333 2710 quod
357 2646 419 2698 erat
437 2662 521 2713 snpra
538 2663 565 2698 v.
619 2663 644 2700 v.
667 2651 733 2699 1481
759 2639 797 2706 ὡς
819 2640 869 2704 τὰς
890 2637 1019 2709 ἀδελφὰς
1041 2635 1127 2694 τόσδε

10 2712 12 2769 ἶ
57 2717 102 2768 336
129 2708 328 2782 όμαρτοῦντας
351 2709 443 2768 ἀθλίω
463 2713 567 2784 μητρὸς
618 2712 669 2777 τὰς
692 2711 764 2786 έμόις
790 2713 882 2784 χέρας.
923 2713 1028 2765 Verum
1050 2713 1128 2764 reete

58 2785 128 2838 τοδί.
172 2783 216 2838 Eo
243 2788 338 2839 eutem
365 2770 477 2840 faciiiue
505 2803 565 2840 cor·
618 2787 730 2841 videtur
744 2802 855 2839 versum
870 2783 1000 2837 inutilem
1013 2780 1127 2836 Peleius

57 2854 146 2925 rumpi
163 2855 261 2924 potuit
276 2855 399 2925 genuina
417 2857 564 2925 scriptura,
619 2875 653 2912 ex
670 2855 888 2925 interpolatione
906 2855 1041 2942 repetere.

57 2927 127 2993 qood
142 2925 279 2980 credibile
294 2928 337 2981 eet
350 2927 495 2996 fuissequi
508 2944 564 2982 non
654 2928 687 2984 V.
716 2934 776 2983 453.
815 2920 904 2995 ἕτοιμ’
933 2924 1027 3047 aym}
1055 2923 1074 2976 i.
1098 2940 1125 2990 q.

55 2996 312 3052 animadverterent
342 3005 419 3053 recte
450 2998 563 3053 ύποοει-
618 2994 750 3067 όίγεσδαι.
792 2997 864 3051 Vide
887 2996 989 3064 Krueg.
1048 2998 1126 3062 955,

54 3071 152 3135 ραίοος
161 3067 261 3122 referri
275 3069 312 3122 ad
326 3067 419 3123 τέκνα.
447 3071 491 3124 De
507 3086 564 3138 qua
617 3077 642 3137 3,
657 3074 683 3124 8.
710 3069 753 3123 De
766 3086 819 3122 usu
832 3067 929 3122 vocab.
945 3066 1043 3134 ζεῦγος
1060 3063 1125 3119 vide

15 3146 19 3157 '
54 3138 163 3208 generis
183 3139 314 3210 enallage
336 3139 392 3196 vid.
412 3144 507 3195 annot.
527 3141 564 3195 ad
617 3159 681 3196 ann.
700 3141 737 3194 ad
755 3140 887 3194 Androm.
906 3144 967 3192 277.

53 3211 163 3266 diceet!
183 3215 245 3264 820.
289 3210 441 3274 Commode
468 3213 563 3266 autem
654 3213 686 3268 V.
710 3217 770 3266 457.
808 3207 930 3280 ὄμμασιν
955 3207 1125 3276 προσδέρκο-

52 3281 122 3336 dixit
138 3279 241 3348 ἓλκειν,
256 3281 329 3336 sicut
341 3281 484 3351 Vergilius
493 3284 562 3337 Aen.
617 3285 680 3354 μαι]
716 3283 762 3337 Sic
789 3284 919 3352 princeps
941 3281 1023 3335 Hom.
1049 3280 1082 3333 ll.
1106 3298 1125 3332 α

50 3352 73 3406 11
103 3358 160 3406 320
189 3351 279 3406 Sacra
306 3369 398 3406 αιααα
428 3355 563 3423 victosque
617 3361 668 3409 587
693 3353 730 3424 μή
755 3372 799 3423 σε,
825 3355 911 3422 φίλην
933 3371 986 3419 περ
1012 3347 1125 3418 έοῦσαν,

50 3424 112 3478 διον
141 3439 316 3492 paremque
347 3430 469 3492 νεμοίατο
496 3426 563 3494 Ipse
618 3422 650 3479 ἐν
677 3421 871 3495 ὀφθαλμοῖσιν
899 3425 1001 3492 ἴδωμαι
1026 3424 1125 3477 Θεινο-

49 3495 146 3560 trahit,
165 3495 196 3547 et
213 3511 239 3550 v.
255 3500 306 3548 723
325 3495 438 3550 dextrae
451 3512 478 3549 ει
491 3512 560 3564 μοι·
616 3495 712 3565 μένην.
768 3497 848 3550 Unde
885 3493 1006 3549 adscivit
1038 3491 1124 3559 Soph.

48 3581 98 3620 ουτ
112 3565 201 3619 Iulus
215 3566 370 3634 Ιιαγῑίοιιίλ,
387 3568 562 3636 sequiturque
615 3568 711 3636 Antig.
740 3574 799 3622 764.
841 3566 941 3619 Trach.
969 3570 1030 3616 241.
1064 3567 1124 3616 746.

45 3643 157 3704 pamm
175 3651 233 3690 κου
246 3638 378 3706 pastibus
396 3639 498 3706 aequis.
617 3638 712 3707 Enrip.
734 3639 779 3695 Or.
801 3643 877 3691 1020.
905 3635 989 3703 Hipp.
1009 3636 1087 3686 1265.

82 3707 118 3762 V.
134 3712 197 3760 446.
218 3704 346 3779 γεραιὸν]
366 3708 461 3762 media
474 3708 561 3777 brevi,
652 3709 685 3762 V.
705 3715 766 3763 453.
795 3702 975 3775 διαφθοράν]
998 3705 1030 3757 ut
1048 3702 1124 3770 apud

50 3780 83 3833 ut
99 3777 209 3833 Hecub.
230 3783 264 3833 62
282 3779 332 3833 ubi
349 3779 421 3834 vide.
616 3780 701 3849 Soph.
720 3781 797 3835 Aiac.
819 3785 887 3833 1237
908 3773 1016 3845 έφῆιιεν
1035 3769 1125 3835 έλλοίς

82 3848 118 3904 V.
139 3854 201 3904 443.
234 3849 352 3904 Bothius
371 3851 451 3920 iungi
468 3850 559 3906 voluit
616 3847 731 3906 ίδόσιν
763 3846 938 3916 διαφθοράν.
985 3846 1027 3901 De
1054 3861 1123 3900 voce

48 3921 183 3989 κατέχειν
206 3917 340 3988 δακρύων
363 3922 561 3977 1161111110τὶ-
617 3872 757 3992 ίλτίχαρμα
797 3921 862 3974 vide
894 3917 1050 3974 Blomfield.
1087 3917 1124 3971 ad

48 3992 102 4047 mie
130 3991 295 4060 prohibere,
327 3987 385 4047 οἳπό
419 3989 561 4061 δακρύων.
614 3995 716 4047 Aesch.
734 3994 825 4047 Prom.
850 3997 909 4048 164.

48 4061 174 4130 Rectius,
184 4079 229 4116 me
239 4062 446 4130 iudice,Portus
455 4068 561 4118 utrum-
652 4065 686 4117 V.
701 4071 761 4118 461.
784 4059 869 4128 δόξης
888 4056 1047 4130 εὐέλπιδος]
1067 4058 1123 4114 Cir.

48 4150 103 4201 que
123 4134 286 4204 genetivum
300 4134 337 4187 ad
354 4133 561 4204 πηγόςτείετο-
616 4135 688 4190 Μεδ.
719 4141 788 4188 1010
819 4131 905 4202 δόξης
931 4128 960 4188 δ’
996 4127 1124 4199 ἐσφόλην

49 4205 112 4260 bat:
135 4222 194 4274 qno
217 4206 434 4261 constructionis
459 4223 561 4276 genere
617 4202 781 4275 εὐαγγέλου.
817 4206 928 4261 Nomen
956 4199 1028 4270 δόξα
1059 4217 1123 4255 cum
