2520 4590
546 187 736 240 nminz.
1133 189 1177 256 45

101 361 192 424 AM.
224 343 252 421 ὦ
271 357 353 439 Ζεῦ,
372 351 480 440 μάτην
498 348 553 440 ἄρ’
574 346 748 438 ὁμόγαμόν
766 348 798 419 δ’
820 351 1024 441 ἐκτησάμην,

217 457 327 548 μάτην
345 457 384 527 δὲ
400 456 520 539 παιδὸς
538 454 656 527 κοινὸν
675 454 770 546 ὄνομ’
792 457 976 548 ἐκλῄζομεν.
1131 480 1183 530 oto

220 563 264 635 od
283 561 315 635 d'
336 556 418 654 ἦσθ’
439 561 494 654 ἄρ’
515 555 623 653 ῄσσον
640 559 661 652 ῄ
678 561 800 646 ’δόκεις
818 563 905 633 εἶναι
924 571 1029 652 φίλος.

218 669 319 762 ιἰριτῄ
337 692 376 740 σε
393 673 476 741 νικῶ
494 668 621 758 θνητὸς
639 666 688 739 ὢν
704 668 791 740 θεὸν
808 673 922 759 μέγαν.

217 782 342 859 παῖδας
360 776 424 867 γὰρ
443 774 485 846 οὐ
502 776 683 865 προύδωκα
700 775 779 859 τοὺς
793 773 1001 866 Ἡρακλέους.

219 883 265 954 σὺ
282 880 315 952 δ’
337 886 370 966 ἐς
388 883 450 972 μὲν
468 879 567 964 εὐνὰς
585 883 730 972 κρύφιος
747 881 874 971 ἠπίστω
893 893 1025 973 μολεῖν,

219 987 396 1080 τάλλότρια
414 991 532 1080 λέκτρα
551 989 671 1072 δόντος
690 987 831 1072 οὐδενὸς
848 991 978 1079 λαβών,
1131 1011 1183 1061 346

220 1096 339 1190 σφ’ζειν
357 1095 395 1165 δὲ
413 1095 492 1178 τοὺς
510 1093 592 1177 σούς
611 1093 674 1165 οὐκ
693 1099 868 1165 ἐπίστασαι
886 1104 1016 1184 φίλους.

222 1201 357 1292 ιἰμαδῄς
373 1229 423 1285 τις
441 1201 473 1271 el
488 1201 584 1288 θεός,
604 1207 636 1271 εί
652 1207 780 1284 δίκαιος
799 1200 862 1272 οὐκ
881 1209 974 1291 ἔφυς.

560 1319 687 1386 (escw-
707 1321 736 1388 α)

166 1408 203 1468 Χ
208 1407 244 1468 0.
273 1406 417 1468 Αἴλινον
435 1397 497 1486 μὲν
515 1393 567 1466 ἐπ’
589 1393 724 1485 εὐτυχεῖ

145 1640 180 1696 V.
201 1644 264 1694 340.
297 1633 402 1700 παιδὸς
419 1632 517 1691 κοινὸν
536 1629 618 1705 ὄνομ’
673 1636 852 1691 librariorum
868 1637 951 1706 Aegle
972 1636 1056 1705 entie,
1074 1636 1122 1691 vix
1139 1655 1184 1691 us-

118 1706 280 1782 ίκλῄζομεν]
307 1709 470 1764 ‘commune
493 1706 545 1761 filii
570 1723 620 1762 no·
675 1724 761 1776 quam
778 1709 914 1764 haereres.
949 1655 1116 1778 &utinquam
1128 1708 1183 1763 hac

118 1798 177 1837 nen
190 1779 415 1836 celebrabamus'
430 1778 449 1832 i.
464 1794 488 1833 e.
502 1777 621 1833 eundem
676 1779 851 1848 corruptelae
880 1778 1037 1848 suspicione
1064 1779 1184 1835 liberan-

120 1855 182 1908 ettu
196 1854 227 1906 et
235 1868 290 1922 ιρο
300 1850 391 1904 filium
400 1849 622 1921 appellabamus.
677 1849 744 1903 dum
766 1852 810 1904 eet
830 1849 943 1904 initium
961 1849 1104 1920 carminis,
1130 1849 1184 1905 etsi
1204 1894 1209 1909 ,

122 1923 170 1978 Gir.
188 1922 253 1979 Hel.
273 1927 326 1976 494
349 1922 469 1976 διπλοῦν
491 1917 524 1974 δὲ
550 1924 623 1974 Τνν-
676 1920 789 1975 ridetur
802 1921 953 1977 obscurius.
981 1923 1095 1977 Αίλινον
1109 1920 1185 1976 enim

72 2010 75 2071 ι
121 1987 342 2064 repetentem
365 1988 507 2063 κλῄζεταις
525 1990 624 2060 Neque
678 1993 795 2062 lugubre
819 2008 929 2047 carmen
953 2009 1013 2047 esse
1032 1992 1100 2048 satis
1119 2009 1184 2047 oon-

121 2082 181 2121 vero
214 2063 293 2121 omni
323 2079 440 2118 numero
472 2064 549 2116 certa
580 2063 624 2116 est
678 2065 743 2131 stat,
761 2062 847 2132 idque
866 2064 944 2118 velut
957 2080 1011 2118 uno
1026 2080 1073 2118 ore
1087 2080 1185 2118 omnes

121 2135 184 2192 baec
202 2134 363 2191 emendatio
387 2149 577 2202 eorumquae
594 2132 624 2186 in
677 2135 818 2188 testentur
843 2134 1005 2204 scriptores:
1037 2151 1094 2190 non
1122 2133 1186 2189 cani

71 2214 76 2265 ι’
122 2207 212 2262 codice
230 2207 363 2277 leguntur
376 2199 479 2267 παιδός
492 2222 536 2257 τοι
550 2199 623 2258 νεὼν
678 2207 773 2260 autem
797 2204 852 2260 nisi
877 2222 895 2259 a
916 2205 1078 2276 lugentibus
1101 2221 1184 2261 nemo

71 2276 73 2331 5
122 2272 277 2364 ἐκλῄζομεν.
309 2276 487 2332 Hermannue
505 2274 626 2330 coniecit
678 2276 757 2330 dixit.
786 2276 885 2345 Itaque
900 2293 964 2331 eum
973 2276 1120 2346 Euripides
1134 2292 1184 2330 suo

120 2351 219 2412 παιδος
244 2345 332 2418 γονέα
355 2347 413 2420 νῷν
438 2342 508 2414 tut,
535 2345 624 2399 Elma-
678 2346 925 2402 iurefinxitetiam
933 2347 1059 2417 Apollini
1069 2347 1186 2417 dignum

119 2418 186 2475 laius
210 2421 323 2474 παίδων
349 2411 427 2487 ηονέ’
459 2413 534 2505 ἐμῶν
559 2412 624 2482 Aa„
679 2434 739 2472 esse
758 2418 858 2486 visum,
876 2435 961 2487 quern
980 2418 1105 2473 citharae
1123 2433 1185 2471 ner-

120 2490 263 2547 llnuckius
280 2485 384 2552 παιδὸς
407 2486 473 2557 γονέ
507 2482 577 2558 ἐμοῦ
596 2483 623 2542 σ’
677 2489 721 2543 ris
744 2489 892 2545 accineret.
929 2488 1009 2556 Quod
1031 2489 1186 2544 notandum

119 2557 170 2618 ἒιλ
679 2562 749 2627 erat,
767 2560 841 2615 sicut
858 2560 928 2616 fecit
945 2561 1004 2614 sive
1022 2561 1185 2629 Aristopha-

148 2634 184 2689 V.
206 2638 268 2687 34⁷.
295 2629 323 2686 εί
340 2673 369 2687 ..
388 2630 442 2686 οιίκ
466 2628 549 2701 ἔφνς]
570 2629 623 2685 err,
677 2647 727 2685 nes
791 2632 940 2686 mmatious
955 2631 1013 2686 sive
1022 2632 1185 2686 Athenaeus

116 2703 187 2760 Med
217 2709 253 2759 88
285 2700 313 2757 ei
342 2696 444 2756 τούσδε
477 2696 505 2770 y'
540 2695 625 2769 εὐνῆς
677 2702 726 2757 lib.
772 2703 812 2755 IV
830 2720 857 2791 p
875 2701 958 2757 6190
983 2704 1058 2764 λίνος
1082 2700 1115 2755 δὲ
1134 2700 1184 2754 καλ

116 2769 205 2830 εἵνεκ’
232 2768 268 2828 οὖ
294 2771 404 2842 στέργει
431 2767 537 2841 πατῄρ,
565 2772 624 2826 Ion.
679 2774 786 2834 αίλινος
809 2792 843 2827 ον
868 2770 955 2842 μόνον
980 2767 1011 2825 ἐν
1036 2769 1184 2839 πένθεσιν,

116 2852 167 2902 347
188 2843 218 2900 εί
233 2839 263 2900 δ’
283 2838 381 2899 οὖιιέτ’
403 2841 469 2911 ἔστι,
487 2845 544 2897 τίνι
561 2839 623 2911 τρό-
679 2839 807 2897 ἀλλὰκαὶ
818 2838 865 2897 ἐπ’
878 2839 992 2911 εὐτυχεῖ
1003 2842 1096 2915 μολπᾷ
1111 2837 1184 2896 κατὰ

115 2936 158 2989 πφ
177 2912 340 2985 διεφθάρη,
363 2914 495 2985 Krueger.
515 2915 528 2967 I
546 2919 561 2980 ξ
581 2920 624 2982 67,
678 2911 728 2968 τὸν
754 2909 925 2982 Εὖριπίδηνι
949 2928 1005 2967 non
1028 2912 1186 2966 mirandum

113 2994 185 3056 4,1.
223 2986 266 3042 De
290 2985 429 3041 sententia
451 2985 499 3040 cfr.
518 2985 552 3039 fr.
572 2991 625 3039 294
679 2986 729 3039 aut
746 2985 776 3039 in
794 2984 999 3039 dubitationem
1020 2982 1184 3038 vocandum.

115 3057 143 3114 εί
162 3059 237 3113 θεοί
256 3077 283 3111 τι
301 3057 404 3125 δρῶσιν
427 3052 551 3126 αἰσχρόν,
570 3050 624 3110 οὐκ
677 3055 740 3110 Nisi
758 3055 830 3110 forte
849 3055 935 3109 etiam
953 3053 1114 3124 tragoedias
1137 3054 1185 3125 ιρί

114 3127 189 3184 stote
211 3129 287 3183 δεοί.
314 3158 347 3168 -
373 3127 465 3182 Aliter
489 3127 524 3182 de
551 3126 624 3182 divis
678 3125 838 3181 laetissimis
862 3125 1060 3196 Dionysiorum
1087 3125 1185 3181 diebus

112 3200 227 3255 indicat
241 3199 342 3254 chorus
356 3205 406 3253 757
418 3216 476 3267 sqq.
505 3199 549 3252 Ita
561 3215 625 3268 pro·
678 3197 851 3251 mirabimur.
892 3197 969 3252 Haeo
991 3197 1080 3268 igitur
1108 3197 1187 3253 chori

114 3271 201 3328 docet
217 3271 316 3341 poete,
341 3287 426 3338 quam
440 3268 552 3323 infirma
570 3269 627 3323 sint
679 3286 757 3324 mens
781 3272 836 3324 eet:
867 3268 1027 3324 ‘Debebam
1053 3285 1106 3340 ego
1129 3268 1186 3323 for-

113 3341 264 3398 hominum
289 3340 323 3396 de
349 3341 403 3394 diis
428 3339 533 3394 iudicia
554 3340 625 3393 invi·
678 3344 753 3394 tasse
772 3340 900 3394 Herculis
919 3339 980 3395 fata
998 3340 1111 3406 deflere,
1129 3356 1186 3393 non

113 3413 205 3469 diosa
678 3428 771 3465 rerum
789 3411 911 3466 feliciter
923 3413 1065 3482 gestarum
1081 3427 1185 3464 memo·

150 3484 187 3538 V.
206 3488 267 3538 348.
299 3482 441 3537 Virtutem
469 3481 555 3537 etiam
578 3481 626 3550 qui
678 3483 750 3536 riom
782 3482 915 3538 adhibere
948 3483 1022 3536 cladi
1059 3480 1185 3535 familiae

116 3555 239 3610 oderunt
261 3553 293 3608 in
309 3552 393 3621 vivis,
416 3553 560 3607 tamenin
579 3552 625 3607 de·
679 3553 750 3618 eius;
763 3550 1185 3623 sedquemadmodumaeliuum

113 3625 221 3681 functis
249 3624 365 3679 laudare
388 3623 493 3679 solentz
521 3625 625 3692 quanto
679 3624 782 3694 Apollo
804 3624 878 3680 inter
900 3625 976 3677 laeta
998 3622 1121 3676 carmina
1142 3636 1185 3674 re-

114 3697 146 3751 id
159 3695 254 3766 magis
268 3694 387 3750 decebat
399 3695 515 3750 chorum
528 3711 625 3749 senum
680 3694 743 3764 fert,
762 3696 802 3749 sic
822 3713 874 3766 ιρο
893 3694 1041 3748 Herculem
1056 3691 1185 3760 quamvis

115 3767 329 3834 Thebanorum,
354 3781 425 3835 quos
447 3765 478 3819 in
499 3767 563 3820 tota
584 3765 625 3819 ia·
680 3766 843 3821 defunctum
860 3766 975 3820 laudare
992 3763 1185 3833 potiusquam

114 3839 187 3894 bula
200 3837 329 3892 Herculis
347 3837 545 3892 beneficiorum
563 3853 625 3906 gra·
679 3837 775 3908 lugere
803 3837 888 3893 volo.'
935 3835 1012 3889 Haec
1040 3833 1088 3887 diu
1120 3833 1186 3888 sori-

114 3908 243 3966 tissimos
260 3907 468 3978 praedicatores
484 3907 624 3962 videmus:
678 3925 803 3977 psorem,
836 3925 899 3961 cum
926 3907 956 3961 in
983 3923 1082 3959 manue
1108 3905 1187 3960 venit

115 3979 255 4036 Referunt
289 3979 379 4048 igitur
418 3978 477 4033 eine
517 3975 625 4041 ἄθλους
678 3979 722 4033 Fr.
742 3977 924 4045 Mehlhornii‚
947 3976 1101 4031 doctissimi
1123 3976 1185 4045 viri,

116 4051 265 4177 ’νᾶα
284 4049 514 4176 AAA
532 4049 579 4175 A
593 4053 626 4174 A
679 4049 879 4175 AAA
902 4048 937 4102 <¹0
955 4047 1186 4174 A⁰A⁰¹¹0A

116 4139 229 4263 liliqliiot
246 4139 285 4247 eiv
294 4192 420 4247 maculas
442 4139 627 4262 adipiriiiiei
680 4137 801 4248 &tibba
827 4137 916 4262 llinis
938 4136 974 4245 i4
996 4135 1085 4246 hunc0
1105 4137 1185 4244 oiim
