2520 4590
467 327 708 396 ALCESTIS.
1055 343 1087 402 ιι

80 512 85 529 ²
150 500 269 564 alterum
298 510 408 566 utrum
431 499 548 564 horum
570 524 724 565 versuum
739 502 834 567 obelo
849 504 1088 572 transficmnus.

150 583 287 650 dteneri
317 586 487 666 volumus,
518 584 609 669 quod
640 587 686 650 ait
717 584 833 652 Crates
861 588 896 652 in
928 560 1089 679 Osdalogo

126 742 129 747 ,
170 670 325 770 ippidum‚
358 669 526 758 Cyclopas
550 670 617 735 dici
644 672 684 737 ab
708 671 862 757 Apolline
885 673 1087 742 interfectos.

79 824 83 833 ,
154 754 181 819 ni
198 757 358 822 mterfecit
381 780 443 821 eos.
452 757 503 820 ira
519 756 610 822 missi
627 757 661 819 in
678 756 916 843 Aesculapium
934 759 1088 827 fulminis.

155 862 240 925 quoa
285 853 358 906 aret
380 864 456 906 vere
472 840 652 907 coniecisse
676 840 966 908 Gaislordium
989 853 1089 930 atque

172 947 236 991 eum
301 928 487 992 erlerum
507 926 724 991 Aet.Monac.
740 927 880 1012 T.11.p.
897 931 959 992 500
981 952 1025 995 ss.
1049 955 1089 995 ex

112 1007 187 1075 olen
206 1013 341 1076 carmine
360 1034 444 1097 quos
459 1035 560 1098 supra
576 1012 699 1097 protuli
707 1012 754 1092 ¹ab
778 1012 993 1100 Athenagora
1014 1039 1088 1080 ver·

113 1108 146 1160 ns
169 1097 278 1180 petitos
308 1120 392 1163 esse.
443 1097 517 1162 Nec
538 1119 617 1161 vero
640 1097 814 1162 obscurum
840 1106 901 1180 est,
926 1099 1005 1183 quid
1028 1101 1088 1165 im-

111 1180 193 1265 plerit
210 1186 349 1280 poetam,
376 1191 413 1246 ut
435 1182 487 1246 his
509 1182 549 1246 de
571 1182 671 1246 rebus
694 1182 728 1245 in
751 1183 807 1246 illo
831 1183 973 1247 carmine
995 1209 1086 1250 men·
1135 1209 1141 1218 ·

111 1262 194 1330 ionem
212 1269 368 1333 inliceret.
415 1267 500 1331 Nam
546 1274 654 1331 raeter
675 1267 833 1332 Phoeben
856 1277 889 1332 ot
911 1269 1084 1351 Hilairam,

111 1346 301 1448 Apscurorum
333 1376 442 1417 amore
475 1292 688 1435 nohilitatas,
719 1353 818 1416 tertia
839 1352 902 1416 fuit
924 1353 1088 1441 Leucippi

79 1504 84 1520 ἶ
111 1430 157 1499 dra
175 1438 329 1520 Arsinoe,
360 1461 400 1501 ex
434 1461 501 1522 qua
531 1438 680 1502 nonnulli
708 1445 819 1501 natum
849 1439 1088 1523 Aesculapium

79 1562 82 1579 ·
107 1520 274 1616 seripserunt.
320 1523 481 1588 Nonnulli
504 1522 605 1588 dico?
628 1524 725 1587 immo
748 1522 962 1587 Hesiodus
985 1525 1087 1609 serip-

111 1612 142 1669 ιι.
178 1607 227 1672 Ad
256 1608 345 1673 hunc
370 1609 455 1673 enim
478 1632 545 1673 non
567 1608 681 1673 dubito
706 1608 785 1692 quin
807 1616 895 1671 recte
918 1607 1087 1673 Werfe-

109 1708 151 1758 urs
171 1694 322 1757 rettulerit
351 1716 465 1759 versus
496 1692 590 1776 illos,
628 1693 684 1777 qui
711 1692 800 1778 apud
837 1693 949 1759 Schol.
988 1693 1086 1759 Pind.

79 1803 83 1839 ,τ
109 1768 172 1860 Pyd
196 1778 256 1843 III.
290 1783 342 1843 ιιι.
373 1780 547 1866 leguntur,
571 1781 690 1864 poetae
712 1779 843 1844 nomine
866 1779 951 1844 forte
975 1803 1017 1844 an
1038 1780 1088 1844 in·

109 1863 164 1929 aria
187 1864 320 1930 omisso:
386 1870 426 1928 Οἱ
453 1868 515 1948 μὲν
543 1861 725 1950 Ἀρσινόης,
758 1869 790 1929 οἱ
819 1867 854 1929 δὲ
892 1867 1089 1949 Κορωνίδος

100 1953 175 2027 ,tecla
201 1947 304 2015 αὐτόν
336 1949 614 2036 (Aesculapium)
639 1949 732 2015 εἶναι.
775 1949 1017 2029 Ἀσκληπιάδης
1049 1953 1084 2015 δι’

105 2050 158 2195 ppt
176 2032 230 2114 τὴν
256 2032 432 2120 Ἀρσινόην
461 2040 660 2101 Λευκίππου
692 2035 778 2100 εἶναι
802 2038 862 2099 τοῦ
888 2033 1089 2123 Περιήρους,

79 2130 83 2139 '
117 2125 185 2195 ςκαὶ
202 2118 422 2201 Ἀπόλλωνος
443 2118 643 2200 Ἀσκληπιός
666 2124 721 2185 καὶ
745 2116 901 2208 ιιιηιότηρ
925 2121 1088 2207 Ἐριῶνιις·

79 2258 81 2262 ’
151 2249 193 2315 Ἡ
203 2249 230 2315 δ
250 2248 326 2314 ἔτεκ’
344 2255 379 2313 ιν
393 2245 554 2335 μεγάροις
572 2245 770 2327 Ἀσκληπιόν
788 2245 937 2332 όρχιιμυν
958 2246 1089 2336 ἀνδρῶν

156 2336 272 2419 Φοίβῳ
296 2332 539 2417 ὑποδμηθεῖσα
563 2330 776 2419 ιϋιιλόκυηιόν
798 2334 821 2397 τ’
845 2334 1012 2419 Ἐριῶπιν,

93 2465 126 2526 at
143 2458 298 2550 Ἀρσινόη
322 2459 458 2544 ὁμοίως·

142 2585 302 2675 Ἀρσινόη
325 2590 360 2652 δὲ
381 2598 515 2672 μιγεῖσα
538 2582 616 2663 Διὸς
639 2590 692 2650 καὶ
718 2587 856 2664 Λητοῦς
877 2587 941 2666 υἱῷ

150 2672 240 2739 Τι’κτ’
267 2669 465 2752 Ἀσκληπιόν
487 2669 562 2737 υἱόν
584 2667 744 2756 όμόμονό
765 2696 798 2735 τε
823 2666 985 2756 κρατερόν
1007 2695 1051 2734 τε.

79 2799 162 2885 Quod
192 2803 223 2867 si
254 2802 329 2886 quis
359 2800 440 2866 illud
473 2799 623 2881 obiiciet‚
662 2798 703 2863 ab
735 2797 850 2862 eodem
879 2796 1027 2860 Hesiodo
1056 2797 1089 2858 in

79 2887 161 2955 loeis
185 2885 388 2952 Coronidem
418 2885 587 2972 Phlegyae
610 2883 710 2948 filiam
733 2893 869 2946 matrem
898 2879 1090 2962 Aesculapii

79 2974 205 3056 ditam,
235 2997 267 3036 v.
291 2971 412 3058 fragm..
432 2971 483 3035 50.
508 2980 541 3034 et
563 2971 614 3034 90.
639 2967 782 3048 Goettl.‚
811 2990 877 3029 non
909 2973 982 3027 utar
1010 2985 1089 3027 sane

79 3059 115 3125 lla
137 3057 368 3138 excusatione,
391 3063 429 3119 υι
450 3054 539 3135 aliud
565 3077 638 3119 eum
660 3054 693 3117 in
717 3052 780 3116 alio
804 3049 946 3116 carmine
969 3071 1089 3134 sequu-

79 3168 127 3210 nm
152 3165 229 3208 esse
251 3141 377 3224 dicam,
412 3139 471 3206 sed
492 3141 626 3204 fuerunt
648 3139 711 3202 iam
734 3138 810 3202 olim
834 3137 891 3219 qui
913 3133 1024 3199 Eoeas
1048 3135 1088 3199 ab

79 3227 202 3296 lesiodi
236 3227 367 3292 nomine
400 3225 642 3304 abiudicarent‚
671 3223 743 3305 hac,
766 3232 803 3286 ιιι
827 3221 953 3308 opinor,
977 3220 1089 3284 simili-

80 3337 188 3400 usque
219 3312 300 3376 moti
332 3311 578 3395 discrepantis,
609 3331 689 3391 quas
713 3309 785 3390 alii,
816 3317 854 3371 ut
884 3305 1090 3371 Socrates

79 3401 254 3499 argivus
284 3398 330 3480 (v,
354 3396 464 3466 Schol.
487 3396 584 3461 Pind.
607 3395 628 3458 l.
653 3395 716 3478 a),
748 3395 794 3458 sic
824 3401 980 3477 putarunt
1002 3413 1089 3454 com-

81 3510 138 3552 oni
154 3505 272 3569 posse,
296 3491 335 3545 ut
356 3481 592 3566 Aesculapium
614 3488 711 3566 partu
735 3478 858 3542 editum
878 3479 917 3541 ab
933 3475 1086 3552 Arsinos,

79 3570 243 3656 duplione
283 3577 391 3635 autem
428 3568 551 3631 factum
594 3563 769 3629 Coronidis
808 3563 965 3627 dicerent.
1024 3557 1089 3623 Re-

79 3658 146 3720 tius
182 3653 236 3717 his
261 3654 411 3735 utrisque
438 3651 627 3715 iudicarunt
650 3648 706 3733 qui
730 3672 812 3733 quae
835 3649 911 3712 olim
935 3644 995 3707 sub
1018 3641 1089 3703 He-

79 3739 147 3806 iodi
168 3738 306 3803 nomine
328 3737 517 3802 ferebantur
548 3735 690 3800 carmina
718 3748 843 3798 utnon
873 3728 1019 3793 eiusdem
1053 3747 1089 3786 o-

79 3826 148 3890 mia
181 3826 323 3908 podtae,
361 3823 408 3885 ita
436 3830 545 3887 sectae
574 3831 684 3884 tamen
723 3818 868 3883 eiusdem
904 3813 1087 3906 poetarum,

79 3909 206 3976 tscraci
235 3909 320 3972 vatis
352 3907 534 3992 discipulos
564 3905 773 3988 asseclasque
796 3925 830 3966 se
853 3897 1088 3993 profitentmm,

80 4019 136 4061 sse
167 4002 385 4059 censuerunt:
417 4002 453 4056 ut
481 3993 595 4056 mirum
623 4014 689 4055 non
713 3991 772 4068 sit,
796 3986 824 4048 si
848 3979 927 4066 quid
947 3988 1031 4042 inter
1054 4001 1089 4042 se

79 4080 256 4165 liscrepent
278 4101 361 4163 quae
391 4101 452 4142 nec
474 4071 620 4163 tempore
642 4075 757 4139 eodem
779 4089 885 4151 nequo
909 4065 948 4131 ab
972 4063 1089 4129 iisdem

79 4164 255 4230 rominibus
278 4164 400 4249 scripta
423 4172 507 4226 sunt.
