2520 4590
542 194 733 251 ΗΡΔΚΔΗΣ.

47 366 49 375 ’
115 364 183 426 ΗΡ.
208 358 318 428 πόθεν
336 354 369 429 δ’
391 359 428 439 ἐς
443 352 531 446 ὑμᾶς
546 353 605 446 ἥδ’
626 355 742 447 ἐσῆλθ’
764 356 908 447 ἀθυμίας

114 471 192 534 ΜΕ.
210 462 421 552 Εὐρυσθέως
437 464 580 553 κήρυκες
595 461 759 552 ἤγγελλον
775 466 864 534 τόδε.

114 576 183 639 ΗΡ.
210 577 246 639 τί
260 569 293 640 δ’
315 567 487 652 ἐξελείπετ’
509 569 604 641 οἶκον
622 573 737 640 ἑστίαν
753 569 784 639 τ’
805 573 903 660 ἐμήν;

113 684 189 746 ΜΕ.
208 683 279 769 βίᾳ·
307 674 417 767 πατὴρ
436 676 498 764 μὲν
515 675 664 747 ἐκπεσῶν
683 682 833 765 στρωτοῦ
851 680 976 767 λέχους.

114 790 182 852 ΗΡ.
199 781 285 854 κοάιι
302 790 401 872 ἔσχεν
419 786 505 852 αίδῶ
523 784 584 853 τὸν
602 782 732 872 γέροντ’
753 781 926 872 ἀτιμάσαι;

113 897 190 959 ME.
208 893 294 960 αίδῶ
312 887 363 977 χ’;
382 886 515 959 ἀποικεῖ
530 893 632 978 τῆσδε
649 892 708 978 της
725 894 812 960 θεοῦ
828 891 951 979 πρόσω.

113 1002 183 1064 ΗΡ.
212 993 301 1065 οὕτω
320 993 353 1065 δ’
373 993 517 1078 ἀπόντες
533 999 752 1084 ἐσπανίζομεν
771 1004 896 1084 φίλους

112 1110 190 1172 ME.
209 1108 303 1190 φίλοι
322 1102 387 1191 χάρ
405 1108 493 1171 εἰσιν
511 1100 611 1190 ἀνδρὶ
630 1107 792 1192 δυστυχεῖ
807 1109 909 1184 τίνες;

111 1215 181 1276 ΗΡ.
209 1208 316 1298 μάχας
333 1207 372 1278 δὲ
389 1212 552 1295 Μινυῶν,
571 1205 611 1290 ἀς
628 1215 741 1296 ἔτλην,
760 1206 969 1291 ἀπέπτνσαν;

110 1322 190 1384 ME.
210 1311 351 1403 ἀφιλον,
369 1312 415 1384 ἵν’
437 1306 541 1397 αὖθίς
559 1336 615 1384 σοι
632 1313 733 1402 λέχιο,
751 1313 789 1385 τὸ
810 1318 980 1404 δυστυχές.

110 1427 183 1490 ΗΡ.
213 1418 254 1490 οά
274 1418 389 1511 ῥίψεθ’
402 1419 522 1491 ’Ἅιδου
539 1422 641 1490 τάσδε
658 1420 837 1509 περιβολὰς
854 1423 972 1510 κόμης,

190 1594 193 1601 .
215 1529 270 1597 καὶ
289 1528 363 1616 φῶς
381 1525 627 1616 ἀναβλέψεσθε,
646 1532 708 1596 τοῦ
725 1529 814 1597 καίτοι
833 1528 956 1598 σκότου

217 1641 318 1722 φίλας
335 1631 478 1721 ἀμοιβὰς
495 1632 641 1722 ὄμμασιν
660 1634 868 1723 δεδορκότες;

217 1738 941 1831 Μῶώὼῶπψωψ,

216 1850 350 1933 πρῶτον
368 1846 430 1934 μὲν
448 1845 516 1934 εἶμι
532 1849 589 1915 καὶ
607 1847 809 1928 κατασκάψω
830 1848 957 1935 δόμους

217 1955 345 2022 καινῶν
362 1953 557 2042 τυράννων,
575 1954 680 2042 κρᾶτα
699 1951 731 2021 δ’
753 1951 894 2023 ἀνόσιον
910 1951 1019 2041 τεμῶν

218 2062 306 2149 ῥίψω
325 2063 440 2129 κυνῶν
458 2062 595 2149 ἕλκημα·
622 2065 802 2148 Καδμείων
821 2050 853 2128 δ’
875 2057 978 2140 ὅσους

215 2163 340 2246 κακοὺς
358 2167 510 2254 ἐφηῦρον
529 2157 567 2234 εὖ
585 2165 759 2247 παθόντας
777 2168 810 2247 ἐξ
829 2169 929 2253 ἐμοῦ,

216 2274 263 2364 τῷ
281 2279 461 2364 καλλινίκῳ
479 2269 561 2363 τῷδ’
584 2269 675 2363 ὅπλῳ
695 2272 911 2361 χειρώσομαι,
1126 2293 1179 2343 ⁶70

215 2376 296 2458 τοὺς
315 2377 353 2446 δέ
370 2393 549 2467 πτερωτοῖς
567 2381 744 2467 διαφορῶν
761 2379 938 2466 τοξεύμασι

110 2565 295 2620 Hermennus.
331 2563 406 2616 Addi
433 2563 529 2631 dehet,
555 2581 620 2617 cum
673 2564 862 2634 tempserunt'
889 2567 974 2633 etque
993 2565 1064 2619 adeo
1082 2565 1180 2621 imme·

110 2636 146 2690 sd
164 2635 195 2689 id
213 2635 289 2703 quod
308 2634 506 2704 comprobetur
531 2635 619 2704 expli·
673 2636 892 2690 moresfuerunt.
907 2635 979 2690 Vide
987 2635 1023 2689 ed
1030 2636 1128 2689 Helen.
1138 2642 1180 2690 75.

109 2706 231 2761 candum
262 2705 340 2759 eliud
372 2705 441 2773 quid
472 2705 618 2761 adiciatur.
708 2705 742 2760 V.
763 2711 823 2762 561.
852 2703 884 2760 τὸ
905 2703 1053 2775 δυστυχές]
1072 2705 1089 2759 i.
1110 2722 1133 2760 e.
1154 2702 1184 2758 ot

109 2777 248 2846 Exemplo.
265 2776 347 2830 huius
366 2775 522 2845 particulae
536 2778 619 2831 omis·
673 2779 828 2846 δυστυχεῖς.
869 2776 941 2831 Vide
968 2777 1003 2830 ad
1027 2795 1052 2830 v.
1076 2781 1129 2831 68⁶
1152 2779 1182 2830 et

111 2864 159 2903 see
176 2865 204 2904 v.
224 2847 314 2902 Curae
333 2847 446 2901 criticae
464 2865 491 2916 p.
512 2853 553 2902 19.
673 2848 776 2917 Krueg.
796 2849 809 2901 Ι
828 2857 843 2913 5
861 2854 905 2914 43,
924 2856 949 2915 4,
970 2854 1011 2900 15.

143 2918 179 2972 V.
208 2924 268 2973 tto.
314 2917 384 2972 Post
415 2919 463 2992 βίᾳ
495 2917 619 2972 distinxi.
709 2919 742 2973 V.
763 2925 822 2973 562.
843 2914 877 2972 οὐ
892 2917 989 2988 ῥίψειε
1004 2934 1054 2987 pro
1069 2915 1181 2986 ῥίψατε,

111 2988 239 3044 Primum
252 2989 380 3044 universe
393 2989 556 3058 respondet:
572 2990 620 3043 ad·
674 2990 728 3043 nisi
738 2990 813 3058 quod
827 2990 899 3043 illud
913 2991 957 3042 est
970 2987 1091 3042 hominis
1104 2987 1181 3042 effle-

111 3060 159 3115 iun
183 3059 316 3114 'tdeinde
326 3061 361 3114 de
374 3062 456 3130 petre
469 3063 555 3128 etque
569 3060 620 3114 sli-
675 3061 791 3130 gitsntis
808 3059 1002 3114 vehementius
1019 3058 1088 3127 fieri,
1107 3060 1182 3128 quod

110 3132 159 3200 qui
201 3131 322 3186 fortasse
345 3132 432 3185 etiem
457 3132 492 3186 de
510 3148 541 3185 se
558 3130 621 3200 ipss
674 3131 795 3199 iusserit,
814 3147 976 3199 moramque
1002 3130 1182 3200 impatienter

112 3203 202 3271 deque
226 3201 323 3256 liberis
348 3201 405 3256 suis
423 3202 533 3256 dicture
552 3207 621 3270 erat,
674 3203 797 3257 ferentis.
825 3202 898 3256 Cave
913 3205 1008 3257 sutem
1022 3203 1084 3256 Mus
1135 3201 1181 3256 vio

109 3272 163 3327 nisi
178 3289 242 3328 sem
256 3272 392 3327 Hercules
404 3273 620 3342 interpellasset.
675 3274 826 3327 credideris
845 3269 1065 3328 construentis&
1083 3219 1181 3341 fficio

108 3342 619 3398 csoe=ei0isncsc.0fr.1³noen.osn
675 3339 764 3413 κόμης
782 3360 833 3413 pro
859 3339 916 3397 ἀπὸ
941 3340 1037 3413 κόμης.
1075 3343 1181 3398 Ochae-

145 3414 262 3469 V.66'1.
289 3413 360 3468 αίδῶ
381 3414 440 3485 χες]
467 3415 485 3468 i.
505 3431 528 3469 e.
548 3413 619 3469 αίδῶ
643 3437 649 3445 ·
675 3420 739 3468 rent
757 3416 831 3468 enirn
850 3416 935 3482 haec,
955 3408 1048 3468 Ἅιδου
1071 3415 1181 3482 περιβο-

110 3505 143 3554 χε
160 3483 189 3540 εί
201 3482 283 3554 ἔσχεν
298 3481 412 3552 ἐρωτᾶς.
423 3516 456 3525 -
470 3485 554 3553 τῆσδε
572 3486 622 3553 τῆς
675 3481 726 3546 λάς
744 3482 841 3555 κόμης,
860 3503 916 3553 que
933 3485 962 3538 in
978 3483 1182 3539 constructione

144 3555 180 3611 V.
205 3561 267 3610 559.
304 3539 430 3611 Eendem
453 3555 621 3611 sententiam
676 3555 760 3609 aliter
791 3556 893 3610 dicitur
920 3554 1065 3638 περιβολαί
1093 3547 1182 3621 κόμης

110 3628 140 3680 in
152 3627 258 3682 Phoen.
273 3633 326 3682 403
346 3628 442 3696 posuit
455 3627 499 3680 his
512 3627 619 3681 verbis:
675 3626 693 3679 i.
710 3644 732 3680 e.
749 3627 895 3696 στέφανοι,
909 3627 992 3680 aliter
1003 3620 1091 3678 Ἅιδου
1104 3641 1181 3690 περι-

112 3689 145 3752 εά
163 3699 283 3766 πρᾶσσε·
310 3695 346 3752 τά
365 3699 456 3768 φίλων
475 3693 503 3752 δ’
524 3692 621 3764 οὐδέν,
676 3699 771 3767 βολαί,
799 3701 873 3752 sente
903 3697 1015 3750 funesta
1046 3697 1075 3747 et
1101 3693 1183 3761 qussi

111 3763 150 3837 ἥν
168 3788 195 3822 τι
214 3770 361 3838 δυστυχς.
678 3768 749 3824 Orco
764 3786 852 3836 soors,
866 3767 966 3835 quibus
975 3764 1101 3818 redimiri
1110 3781 1182 3818 mor·

145 3839 179 3896 V.
199 3846 259 3895 560.
284 3860 377 3909 μαχας
394 3840 528 3909 Μινυῶν]
551 3840 620 3894 ‘cer
675 3840 717 3893 tui
736 3841 781 3893 vel
800 3838 929 3892 morituri
947 3836 1046 3890 solent.

110 3911 219 3966 tamine
246 3910 379 3965 adversus
406 3911 537 3980 Minyes’.
583 3910 622 3964 Ut
711 3910 745 3963 V.
769 3917 828 3963 571.
866 3904 932 3969 τούς
955 3905 1000 3976 δὲ]
1024 3922 1080 3960 non
1102 3923 1182 3976 pree·

111 3981 186 4051 apud
200 3983 353 4036 Isocratem
367 3982 402 4035 de
416 3982 503 4036 antid.
519 3987 552 4036 57
567 3977 621 4049 τὴν
676 3996 770 4050 gresso
789 3976 856 4040 τοὺς
870 3977 923 4048 μὲν
938 3977 1045 4031 dictum
1059 3978 1182 4032 illustre-

111 4052 242 4177 {ttnm
262 4049 338 4134 ὥρῳ
361 4050 621 4178 terrente
675 4051 822 4190 {initiati
839 4056 1000 4188 wint
1026 4050 1183 4175 {irriti

113 4188 244 4265 πόλεμον.
269 4226 302 4234 -
330 4190 510 4263 ἀπέπτυσαν,
541 4194 622 4248 ‘con-
677 4208 773 4246 eorum
800 4191 899 4247 eciem.
945 4191 1039 4246 Habet
1069 4191 1183 4260 quidem
