2558 4590
354 1507 785 1626 PROOEMIUM.

69 1799 206 1916 llelena
234 1848 403 1936 Euripidis
436 1862 662 1939 argumentum
694 1852 795 1916 habet
825 1869 892 1918 tam
926 1853 1090 1921 diversum

70 1963 89 2002 a
118 1936 311 2024 vulgaribus
333 1935 470 2020 fabulis,
500 1947 537 2001 ut
566 1937 601 2002 id
628 1961 694 2022 quo
724 1946 857 2004 auctore
880 1941 913 2003 in
936 1963 1090 2006 scaenam

71 2037 170 2109 poeta
192 2021 378 2104 induxerit,
403 2022 544 2088 omnium
567 2024 706 2109 primum
730 2047 749 2087 a
771 2022 879 2090 doctis
902 2025 1089 2092 hominibus

71 2108 256 2194 quaesitum
290 2108 340 2172 sit.
390 2107 539 2189 ¹Quorum
568 2109 730 2177 industria
762 2112 892 2176 tametsi
915 2112 964 2176 sic
987 2124 1038 2177 est
1057 2113 1092 2176 in

71 2196 133 2261 hoc
156 2195 292 2281 negotio
320 2199 472 2278 versata,
496 2196 552 2259 vix
575 2195 720 2260 utullus
743 2205 874 2261 nostrae
898 2196 1091 2284 diligentiae

70 2281 165 2346 locus
196 2280 332 2344 relictus
362 2302 434 2345 esse
460 2279 626 2346 videatur:
661 2294 790 2362 tamen,
822 2283 976 2366 quoniam
1007 2306 1090 2367 quae

71 2368 110 2432 ab
134 2366 187 2430 his
211 2365 378 2451 disputata
400 2375 477 2432 sunt
496 2366 658 2437 eruditum
672 2367 838 2450 lectorem,
863 2392 928 2433 non
952 2369 1091 2435 tironem

71 2453 261 2538 requirunt,
292 2476 358 2517 non
387 2452 601 2518 omittendum
631 2453 836 2538 putavimus,
866 2455 946 2538 quin
977 2453 1091 2520 eadem

71 2558 184 2604 nostro
214 2561 303 2603 more
334 2538 572 2622 explicaremus
601 2549 636 2604 et
660 2539 806 2602 'relaxata
826 2541 1006 2625 paullulum
1028 2542 1093 2607 ista

71 2624 230 2689 brevitate
254 2623 470 2688 scriberemus
501 2647 585 2708 quae
608 2625 745 2689 facilius
768 2625 1011 2710 iucundiusque
1044 2627 1090 2691 le·

71 2719 228 2797 gerentur
256 2710 296 2774 ab
324 2709 381 2790 iis,
416 2711 472 2793 qui
502 2709 604 2775 studii
634 2710 829 2794 plusquam
860 2712 1029 2778 doctrinae
1050 2711 1092 2776 ad

71 2794 339 2883 cognoscendum
360 2794 552 2879 Euripidem
576 2796 751 2861 adferrent.

160 2932 282 2996 Veniat
316 2931 418 3017 igitur
461 2932 612 3016 princeps
647 2931 681 2995 in
721 2931 865 2996 medium
910 2933 1093 3000 Homerus:
1163 2938 1167 2945 '

73 3044 171 3105 quem
195 3018 352 3083 hocloco
375 3017 501 3102 placuit
545 3015 715 3100 reducere,
740 3016 828 3102 quod
852 3025 884 3082 et
904 3018 1028 3103 primus
1051 3019 1091 3083 de

73 3107 222 3171 Helenae
247 3102 458 3187 Menelaique
489 3041 586 3169 relius
616 3104 799 3168 memoriae·
818 3103 964 3189 prodidit
986 3115 1019 3169 et
1040 3107 1093 3170 vel

74 3192 271 3277 praecipuus
294 3199 409 3253 auctor
437 3189 607 3266 habendus
639 3199 689 3254 est
718 3213 828 3255 earum
850 3213 991 3274 rerum,
1010 3215 1093 3278 quae

73 3277 239 3342 communi
265 3277 350 3339 fama
378 3286 412 3338 et
439 3277 530 3340 velut
560 3275 692 3362 publica
720 3275 785 3340 fide
813 3276 1013 3343 ferebantur.
1058 3278 1093 3341 ls

74 3365 176 3451 igitur
209 3363 371 3441 Helenam
398 3360 501 3426 tradit
532 3363 621 3428 lovis
651 3372 685 3425 et
713 3362 827 3428 Ledae
856 3362 956 3427 filiam
979 3364 1092 3446 fuisse,

75 3451 162 3514 conf.
193 3447 389 3513 Mueller.
427 3446 467 3511 de
499 3447 592 3535 cyclo
621 3472 652 3533 p.
686 3451 756 3530 tu,
792 3471 888 3533 quam
917 3449 952 3513 in
982 3450 1093 3514 matri·

74 3536 185 3601 monio
222 3532 369 3599 Menelai
403 3546 554 3618 agentem
595 3542 724 3618 raptum
762 3537 892 3600 venisse
928 3535 1092 3617 Paridem,

75 3621 199 3687 Priami
228 3619 349 3701 filium,
381 3619 486 3684 classo
516 3619 718 3685 aPhereclo
755 3621 805 3687 vel
828 3622 868 3686 ab
890 3618 1094 3685 Harmonide

74 3708 267 3788 aedificata,
288 3701 392 3768 iliad.
415 3729 448 3788 s,
472 3708 522 3770 59.
546 3705 619 3769 coll.
657 3704 771 3770 adnot.
801 3707 842 3771 ad
872 3706 990 3770 Helen.
1022 3708 1093 3772 2‘29.

74 3793 270 3879 Impositum
292 3791 431 3856 navibus
454 3800 486 3854 et
509 3791 605 3855 simul
629 3815 702 3856 cum
726 3795 853 3880 magnis
877 3792 995 3876 opibus
1018 3815 1094 3857 ave-

74 3891 163 3946 ctam
194 3880 228 3942 in
258 3875 386 3942 Cranae
415 3877 522 3942 insula
550 3878 689 3964 primum
718 3879 752 3942 in
782 3879 857 3943 novi
886 3876 958 3940 iura
989 3880 1096 3943 mariti

73 3965 237 4047 cessisse,
271 3963 304 4028 ll.
333 3992 363 4047 y.
386 3967 458 4027 443.
509 3963 591 4028 lude
622 3964 773 4027 Paridem
805 3985 869 4026 non
893 3984 958 4046 qua
980 3986 1095 4030 cursus

73 4055 138 4118 luit
168 4050 380 4116 brevissimus
404 4049 535 4113 Troiam
557 4051 732 4136 repetisse,
766 4047 825 4112 sed
849 4058 956 4114 aetum
980 4052 1096 4116 errori·

74 4142 138 4204 bus
170 4136 327 4202 Sidonem
360 4135 542 4220 appulisse,
575 4135 607 4199 ll.
640 4137 663 4214 ζ.
695 4135 791 4216 *29οἾ
828 4158 961 4201 uxorem
990 4148 1096 4202 autem
